3984 6534
584 405 760 465 conlisus.
780 405 813 459 in
832 403 954 461 claud.
974 404 1037 463 SEC
1054 402 1149 463 iuuit.
1607 404 1660 464 328

164 516 241 587 ¹¹quid
262 515 297 573 do
320 515 377 575 isac
396 516 610 589 praesumptione
633 519 683 573 tibi
709 517 824 573 ridetur.
840 517 864 577 A
879 515 939 572 Non
962 526 1043 589 potest
1058 519 1134 573 tremo
1158 518 1275 590 occipere
1293 521 1441 592 quicquum,
1464 522 1514 577 nisi
1536 523 1614 593 [serit
1637 525 1661 579 ei

155 604 222 661 uu
232 601 348 660 locum
359 614 385 660 rt
398 604 465 660 dicit
479 621 489 660 .·
505 604 654 677 Nonpoiest
664 606 742 661 tomo
755 606 825 660 occi-
875 604 967 659 dutum
980 604 1013 659 dc
1023 604 1106 671 coeto,
1123 606 1270 687 Q&
1280 607 1372 676 Patre,
1383 610 1430 681 qui
1442 611 1603 682 principium
1618 621 1661 667 est

155 692 258 765 iqua
273 693 295 757 ¹,
310 691 362 747 uici
380 693 458 763 [urit
477 694 501 747 ei
521 693 612 749 wem
634 692 667 749 dc
689 693 771 749 caeto.
796 693 825 749 ln
876 694 995 749 omnium
1006 695 1154 760 bonorum
1170 710 1212 761 ac,
1224 696 1290 752 side
1305 696 1497 770 Patrc,utique
1511 700 1598 770 primo
1611 715 1662 770 pcr

155 786 203 842 ura
216 785 531 857 codicibusGraeourum
544 788 661 859 legitur:
675 790 726 844 nisi
746 787 825 858 {uerit
875 781 984 849 Filium,
996 783 1030 839 dc
1044 784 1120 854 cujus
1143 783 1308 854 plenitudine
1325 801 1374 841 nos
1391 766 1660 858 o'nTmsacccpimcs.
1682 854 1685 859 ¹

155 891 179 929 rr
202 875 340 933 dmm„
366 878 492 934 demto.
514 878 655 937 nomiliam·
684 881 825 951 respondis
910 871 966 942 lpsi
982 888 1025 927 nos
1049 872 1113 927 milri
1139 874 1313 929 testimonium
1337 876 1486 946 perhibetis.
1513 875 1571 933 lloc
1594 880 1661 935 mihi

156 964 348 1021 scematibus
369 965 510 1023 Morinum
533 982 622 1022 snum.
651 966 710 1021 lion
729 976 824 1039 potest,
875 961 1044 1019 solummodo
1060 964 1087 1018 in
1107 963 1204 1021 restris
1216 965 1305 1021 uerbis
1321 967 1453 1036 congruit,
1474 966 1521 1035 qni
1543 982 1597 1023 non
1618 983 1663 1023 so·

159 1050 239 1107 dono
251 1050 367 1123 recipere
379 1054 526 1124 quicquum.
543 1055 582 1111 Ac
596 1055 619 1110 si
633 1056 756 1111 diceret:
774 1055 825 1110 Pu·
874 1026 1120 1107 mummulus
1134 1051 1162 1107 iu
1186 1067 1247 1108 cium
1262 1054 1307 1125 qui
1323 1054 1397 1108 misit
1407 1070 1460 1120 me,
1472 1024 1661 1112 verumetiam

155 1138 308 1211 inriorem
325 1156 384 1199 esee
398 1144 477 1214 ipso,
491 1140 723 1213 miuffer'ii‘s‘ei
743 1161 823 1215 prae.
874 1139 1005 1210 baptisma
1020 1141 1105 1211 ipsius
1123 1142 1228 1197 irritum
1242 1145 1352 1214 putatis,
1369 1145 1440 1214 quod
1456 1118 1662 1201 munificumq-

155 1246 228 1300 πως
243 1233 382 1289 erratisin
396 1249 458 1290 enm
473 1250 526 1290 non
544 1237 825 1307 credenimiigno.
873 1229 948 1285 nium
983 1232 1128 1289 adhibetis.
1159 1232 1235 1298 Quod
1266 1232 1377 1287 dixerim
1405 1247 1415 1284 .·
1443 1234 1499 1304 qu
1525 1250 1577 1289 uon
1600 1250 1660 1290 mm

155 1322 510 1393 quidsiteiundevenii‚qi
522 1325 823 1396 pumiismeesoeqqod
873 1317 1138 1392 discussaeque
1159 1323 1254 1376 miscus
1274 1338 1333 1376 sum
1355 1333 1415 1376 unte
1436 1322 1521 1377 litum.
1541 1323 1662 1380 Audistis

155 1428 181 1467 ι.
193 1412 329 1469 utentem
342 1412 523 1484 minumum
537 1414 581 1471 iiie
595 1415 641 1480 sii,
655 1416 760 1486 ecquid
773 1431 823 1486 ego
872 1422 906 1463 cx
931 1423 976 1464 me
998 1409 1065 1467 baec
1086 1412 1186 1477 sorba,
1209 1410 1315 1481 quando
1331 1412 1364 1467 de
1387 1427 1420 1468 eo
1440 1413 1570 1484 loquebar
1591 1414 1662 1470 ultra

155 1502 227 1559 iiim
245 1517 335 1558 meum
357 1517 544 1575 responsum:
568 1504 630 1560 No„
653 1506 823 1575 peregrum
872 1493 1032 1565 iordanem;
1056 1500 1169 1555 audistis
1192 1501 1305 1570 utique,
1322 1501 1430 1571 quando
1450 1503 1540 1558 dicitis
1557 1520 1564 1557 :
1582 1522 1593 1556 ι
1609 1503 1664 1573 Qui

155 1593 313 1665 rqaicqucm.
328 1592 485 1651 llomosum
500 1603 528 1651 et
541 1610 593 1650 non
609 1593 689 1659 bcus,
705 1594 823 1648 illecero
871 1594 932 1661 erat
954 1596 1042 1643 tecum
1062 1596 1136 1645 tram
1156 1564 1313 1655 hminem,
1334 1591 1378 1645 cui
1399 1591 1580 1648 testimonium
1599 1608 1663 1663 pcr-

166 1690 210 1737 ω
224 1682 355 1738 echome„
375 1682 435 1754 ipse
446 1692 498 1748 esi,
515 1686 548 1739 qe
568 1698 622 1754 quo
640 1682 822 1739 tessimonium
871 1673 982 1730 bibuisti
1003 1691 1034 1738 ις
1053 1677 1113 1732 etsi
1128 1677 1250 1740 audistis,
1270 1693 1354 1748 quare
1375 1677 1468 1744 illum,
1484 1680 1518 1736 de
1537 1696 1591 1751 quo
1609 1681 1662 1737 tale

155 1768 165 1825 ἰ
185 1769 380 1827 ὤωῃῃςιῦθ
400 1771 567 1842 plenitudine
586 1771 644 1841 ejus
661 1786 710 1827 nos
728 1784 822 1838 omnes
872 1762 1055 1820 testimonium
1075 1765 1220 1835 perhibui,
1245 1765 1279 1821 ad
1304 1782 1348 1822 lile
1369 1768 1513 1834 accusatis,
1535 1770 1613 1840 qllitsi
1634 1771 1663 1828 in

155 1871 229 1914 msa.
249 1857 335 1915 lloum
356 1859 448 1930 itaque
462 1876 565 1926 sum3a
582 1875 625 1916 me
639 1860 706 1915 nibil
720 1859 822 1928 accepi,
840 1846 1001 1925 Binjuriam
1016 1869 1104 1910 meam
1127 1855 1224 1910 multos
1245 1855 1404 1928 baptizarit?
1418 1858 1498 1914 biri:
1515 1857 1573 1916 Non
1600 1876 1661 1918 sum

155 1964 165 2003 r
190 1948 296 2012 babeo,
321 1932 429 2018 quoda
453 1965 497 2005 me
521 1951 661 2020 accipiam.
689 1948 821 2018 Quicquid
872 1941 1014 2010 Christus,
1036 1943 1083 1998 sed
1101 1942 1214 2013 simplex
1239 1944 1334 2010 bomo;
1359 1960 1412 2001 non
1436 1961 1496 2002 sum
1522 1957 1620 2005 unctus
1646 1965 1664 2006 a

155 2036 189 2095 rb
200 2052 234 2094 eo
244 2039 348 2109 accepi.
360 2038 388 2094 Si
399 2040 514 2110 qratiam
525 2040 616 2110 accepi
626 2038 822 2111 praecursoris,
872 2033 953 2090 Patre
973 2033 1137 2104 plenitudine
1154 2034 1273 2104 spiritus,
1297 2034 1343 2099 ille
1358 2045 1448 2091 autem
1461 2046 1573 2105 unctus3
1587 2049 1615 2094 ct
1628 2039 1664 2095 de

155 2127 253 2199 recepi.
268 2126 454 2194 hiscimus,
470 2144 512 2184 me
532 2128 602 2183 ultra
625 2138 748 2184 naturam
763 2142 823 2183 esse
872 2121 1037 2194 plenitudine
1056 2120 1115 2191 ejus
1136 2123 1237 2192 accepi.
1260 2122 1315 2179 Sed
1328 2124 1392 2193 quia
1409 2125 1508 2180 missus
1524 2140 1584 2182 sum
1598 2136 1663 2182 ante

157 2228 198 2269 rar.
213 2213 281 2283 Quia
301 2216 431 2281 audistis,
446 2217 516 2286 quod
539 2231 591 2271 non
614 2217 673 2272 siue
694 2216 823 2271 miraculo
873 2212 958 2279 illum,
973 2212 1072 2268 missus
1085 2226 1145 2268 sum
1161 2213 1188 2266 in
1205 2213 1332 2269 iucundum
1348 2213 1439 2284 prius,
1450 2214 1586 2271 irascendo
1599 2224 1663 2272 ante

158 2301 271 2359 virtutis
284 2312 365 2359 natus
387 2319 466 2370 sum,
492 2318 525 2359 cx
548 2305 704 2375 parentibus
710 2305 824 2392 qpqrpc
873 2302 958 2358 illum.
971 2302 1018 2359 llle
1032 2311 1095 2357 ante
1110 2301 1202 2357 cunriia
1215 2301 1304 2357 secula
1325 2301 1396 2359 licus
1409 2318 1469 2359 cum
1487 2303 1543 2359 lico
1563 2304 1661 2370 Putre,

155 2394 305 2460 to-actatis,
322 2394 456 2463 aemiuli
470 2395 541 2452 ultra
564 2396 696 2451 humanae
711 2404 823 2451 naturae
872 2410 922 2466 eqo
936 2395 1016 2451 bomo
1032 2395 1060 2449 iu
1073 2393 1127 2449 tine
1141 2392 1225 2450 seculi
1244 2393 1343 2450 missus
1368 2394 1395 2449 in
1407 2408 1498 2460 carue,
1517 2402 1661 2466 antequam

155 2484 264 2543 udinem
281 2494 362 2540 natus
375 2501 447 2550 sum,
460 2495 571 2556 propter
587 2486 639 2542 boc
654 2486 765 2556 putatis,
781 2499 823 2541 mc
873 2485 919 2540 ille
936 2493 1093 2540 nasceretur
1107 2483 1134 2537 in
1148 2497 1240 2539 earne.

155 2571 260 2629 minem
270 2587 340 2629 csse.
352 2572 410 2628 lion
421 2574 471 2639 ita,
483 2574 563 2629 bomo
574 2574 740 2629 solummodo
751 2589 820 2629 sum.
908 2573 961 2639 Qui
973 2573 1049 2628 iubet
1061 2588 1193 2643 sponsum,
1207 2589 1317 2644 sponsus
1329 2581 1377 2628 est.
1391 2572 1492 2631 lidcns
1503 2588 1663 2644 praecursor

155 2660 351 2733 missedsquid
367 2678 439 2728 sum,
459 2679 512 2718 non
526 2663 683 2718 exaltaretis
696 2676 739 2717 me
752 2661 822 2717 ultra
872 2663 1051 2735 cogitationes
1060 2676 1171 2717 suorum
1183 2662 1387 2730 discipulorum,
1401 2662 1448 2731 qui
1463 2661 1525 2716 talia
1538 2661 1572 2717 dc
1582 2661 1662 2716 Cirri-

162 2766 241 2818 num
253 2761 283 2809 ct
305 2752 329 2807 si
343 2752 543 2823 cognosceretis
554 2753 617 2823 quid
630 2752 673 2808 iile.
684 2762 736 2818 cst,
749 2751 823 2807 nullo
872 2764 915 2808 sto
935 2753 1046 2822 ejusque
1066 2752 1228 2821 baptismate
1254 2749 1448 2821 proferebam,
1470 2760 1498 2807 ct
1517 2751 1664 2806 audiebant

155 2841 330 2914 inpanrelis
351 2857 395 2897 mc
416 2842 466 2896 illi.
484 2841 570 2896 llcmo
592 2841 665 2896 cuim
688 2856 763 2908 sum,
779 2840 823 2896 illc
872 2843 913 2898 sui
929 2841 1049 2914 magistri
1070 2856 1229 2911 responsum
1243 2842 1277 2897 dc
1294 2856 1324 2896 sc
1343 2842 1401 2911 ipso
1420 2851 1448 2896 et
1460 2842 1493 2905 de
1505 2857 1554 2897 suo
1573 2840 1663 2910 bapti·

155 2930 376 3003 atquidaccepi
389 2931 423 2986 ab
435 2929 479 2985 ilic
489 2929 591 2999 accepi.
604 2928 824 2998 sapientissimus
870 2942 969 2995 smatc.
992 2933 1133 2988 dicensac
1155 2932 1213 2987 Non
1227 2941 1314 3002 potest
1337 2932 1417 2988 bomo
1440 2931 1561 3000 accipere
1584 2930 1662 3003 quic·

155 3018 316 3077 medinm
338 3029 461 3089 segregat
475 3019 501 3072 in
517 3032 546 3072 sc
569 3020 627 3088 ipso
650 3025 775 3072 naturam
796 3024 824 3072 et
872 3037 952 3092 quam
968 3021 1187 3087 r,bumiliaussc
1207 3020 1306 3089 ipsmn,
1320 3020 1505 3090 veraciterque
1518 3019 1664 3090 descipso

155 3106 232 3177 ‚ribi
246 3108 409 3173 attribuens,
423 3109 494 3177 quod
517 3109 610 3173 bomo,
631 3113 682 3163 boc
699 3108 823 3177 estquod
871 3112 1060 3181 pronuntians,
1081 3110 1152 3179 quod
1174 3119 1297 3165 terrenus
1322 3110 1403 3165 bomo
1424 3110 1470 3176 sit,
1487 3118 1515 3166 et
1537 3109 1666 3167 uolebmu

155 3216 180 3269 ι,
200 3200 272 3271 quod
294 3208 435 3271 peccator,
450 3199 521 3269 quod
547 3213 581 3254 er
604 3199 691 3269 primo
715 3180 858 3252 bomineC
875 3200 1063 3270 interrogare:
1078 3197 1108 3252 Si
1127 3199 1208 3254 bomo
1232 3213 1263 3254 cs
1285 3197 1463 3263 solummodo.
1487 3208 1514 3254 et
1533 3199 1663 3268 majorem

162 3296 289 3363 umus
305 3290 395 3347 iactus
409 3289 457 3355 sit,
474 3297 503 3345 et
520 3300 621 3351 cetera,
637 3304 707 3358 quae
725 3289 758 3344 de
772 3288 822 3342 bu·
876 3298 1036 3359 potestatem
1048 3297 1078 3345 et
1089 3289 1203 3360 qratiam
1222 3297 1279 3343 ate
1294 3289 1353 3360 ipso
1373 3304 1426 3344 non
1449 3290 1543 3354 babes,
1556 3296 1665 3360 practer

155 3387 263 3437 intono
277 3379 433 3436 indemitate
446 3388 474 3434 et
494 3387 605 3449 peccato
623 3386 650 3433 et
665 3392 750 3448 poena
761 3391 824 3446 pcc·
875 3381 948 3451 quod
961 3382 995 3437 ab
1013 3395 1045 3436 co
1064 3379 1203 3450 accepisti,
1226 3379 1272 3450 qui
1288 3394 1359 3435 nunc
1378 3379 1496 3450 baptizat
1510 3381 1537 3435 in
1551 3378 1664 3446 iudaea,

155 3483 188 3527 ιο
200 3471 269 3541 ipm,
279 3469 431 3539 ceterisque
451 3469 606 3524 bominibus
626 3467 824 3533 musiderabm,
876 3481 905 3526 et
919 3479 947 3525 tu
960 3469 1038 3535 dicis,
1051 3469 1114 3539 quia
1134 3468 1232 3524 missus
1251 3476 1369 3524 estante
1384 3468 1469 3534 illum,
1483 3468 1536 3534 dic,
1550 3483 1665 3539 quaesu-

162 3570 289 3613 seorsum
299 3571 514 3629 segregansase,
526 3570 608 3627 quarn
620 3563 759 3626 acceperat
771 3571 824 3612 nou
877 3573 947 3624 mus,
962 3556 1027 3627 quid
1039 3571 1069 3613 es
1089 3565 1199 3628 praetor
1218 3555 1365 3623 bominem,
1386 3565 1433 3610 aut
1457 3557 1611 3627 quantus¹‚
1638 3566 1667 3612 et

155 3648 214 3713 itis,
234 3649 281 3704 sed
300 3663 335 3704 cr
357 3648 518 3704 abundantia
540 3647 714 3718 plenitudinis
730 3647 824 3717 ipsius,
877 3646 940 3716 quid
955 3646 1057 3718 gratiae
1066 3644 1194 3716 accepisti
1206 3645 1239 3700 de
1251 3644 1342 3710 cacio;
1356 3645 1507 3714 respondit:
1522 3644 1575 3710 Qui
1588 3645 1666 3699 troica

155 3749 361 3796 memorerm.
374 3739 431 3794 liuo
441 3739 645 3794 considerantur
656 3738 682 3793 in
694 3738 804 3795 bomine
817 3757 824 3792 :
877 3754 998 3807 sponsam
1010 3753 1119 3807 sponsus
1131 3745 1178 3790 cst.
1194 3734 1245 3802 bui
1261 3734 1525 3806 propterEcclcsiam
1539 3734 1622 3798 veuit,
1637 3743 1668 3788 ui

155 3828 274 3886 uidelicet
286 3839 314 3883 ct
326 3829 435 3885 donum.
452 3828 548 3882 batum
564 3828 681 3883 reicitur
692 3827 726 3883 ad
748 3835 827 3883 natu·
878 3827 990 3883 haberet
1003 3842 1127 3896 sponsam
1136 3826 1220 3891 uenit,
1230 3840 1312 3897 quam
1322 3839 1395 3880 nuuc
1408 3824 1500 3894 incipit
1511 3839 1544 3878 cx
1553 3822 1665 3879 ludaico

155 3900 357 3975 »Wruerm
366 3918 400 3972 ad
410 3918 535 3987 gratiam.
549 3915 582 3971 Et
591 3916 713 3986 quamuis
725 3917 826 3971 nullum
877 3917 975 3988 populo
993 3932 1103 3982 vocare,
1128 3914 1226 3971 multos
1245 3914 1409 3971 ludaeorum
1432 3915 1582 3985 baptizans.
1608 3915 1668 3987 lpse

160 4009 269 4067 sitnisi
290 4024 324 4064 cx
349 4008 419 4073 lico,
444 4008 514 4062 sicut
536 4007 575 4061 ait
597 4006 762 4076 Apostolus:
782 4005 828 4061 «0
878 4022 992 4079 sponsus
1004 4016 1055 4063 est.
1070 4006 1126 4079 Ego
1144 4015 1251 4073 auum,
1264 4014 1295 4063 ut
1305 4006 1477 4075 existimatis,
1489 4021 1576 4078 neque
1586 4023 1667 4078 upum

155 4098 311 4173 [oldiabcs
325 4098 460 4168 quodncn
474 4096 828 4166 accepistirisolcttamen
878 4112 1017 4165 sussum,
1041 4111 1128 4167 neque
1152 4111 1279 4167 sponsam
1304 4097 1410 4162 babeo,
1434 4097 1530 4154 sedin
1554 4113 1668 4154 numero

155 4186 291 4245 radatum
314 4193 427 4239 naturae
438 4183 517 4251 quasi
532 4183 582 4252 ipsi
597 4182 712 4247 bomini,
727 4182 828 4237 dorium
879 4203 993 4258 sponsae
1006 4202 1050 4244 me
1064 4188 1149 4258 ipsum
1167 4197 1303 4258 computo.
1317 4187 1353 4244 Ut
1372 4189 1466 4244 sciaris
1486 4197 1586 4255 autem,
1601 4188 1667 4257 quid
1786 4196 1791 4203 ’

155 4276 197 4335 ud
218 4276 270 4333 uisi
286 4276 342 4330 lico
357 4273 524 4329 adscribere.
538 4274 579 4327 Ad
592 4273 644 4329 boc
661 4272 734 4327 enim
756 4272 829 4326 dedit
879 4292 950 4340 sum,
967 4284 996 4331 et
1015 4274 1123 4345 qualem
1138 4276 1254 4346 qratiam
1268 4277 1354 4332 babeo
1368 4277 1403 4332 ab
1420 4276 1472 4332 itio
1493 4289 1602 4344 sponso,
1620 4274 1667 4343 quui

155 4376 264 4433 iuram,
282 4373 312 4420 ut
327 4379 388 4420 earn
408 4372 517 4418 ornaret
529 4378 577 4433 per
592 4363 717 4432 qratiam.
731 4361 829 4417 subsc
879 4366 961 4422 babet
974 4379 1118 4436 sponsam,
1133 4365 1224 4420 audite
1240 4382 1247 4419 :
1267 4365 1374 4419 Amicos
1387 4374 1474 4421 autem
1487 4366 1586 4435 spousi.
1607 4363 1666 4420 Non

155 4456 231 4537 malt
246 4473 253 4510 :
270 4454 333 4509 Nou
354 4462 439 4523 potest
460 4455 552 4514 ircano,
575 4453 627 4507 boc
648 4461 691 4508 cst
711 4452 828 4507 bumana
843 4471 939 4560 Dsum
962 4469 1085 4524 sponsus,
1107 4455 1155 4510 sed
1179 4469 1303 4526 magnam
1317 4456 1431 4524 qratiam
1451 4456 1543 4525 sponsi
1569 4455 1666 4518 balteo.

171 4544 289 4615 accipere
299 4542 439 4614 quicquum
453 4542 570 4612 gratiae,
585 4541 636 4595 nisi
649 4542 728 4612 [uerit
742 4543 766 4596 ei
780 4543 828 4595 cto·
882 4544 986 4599 amicus
997 4540 1054 4613 cius
1064 4557 1134 4597 sum.
1151 4541 1202 4608 Qui
1213 4551 1266 4598 atat
1278 4552 1304 4597 ct
1318 4544 1392 4598 audit
1407 4558 1478 4611 mm,
1489 4544 1586 4615 quadie
1598 4559 1667 4614 quo·

155 4635 238 4691 uoto.
246 4634 343 4688 ilatum
356 4634 383 4687 in
394 4633 445 4687 boc
459 4631 518 4687 loco
531 4646 580 4702 pro
600 4633 698 4687 donum
712 4631 831 4689 loannes
882 4633 935 4687 det.
946 4632 1003 4704 ligo
1015 4631 1117 4686 amicus
1137 4631 1228 4703 sponsi
1242 4646 1313 4697 sum,
1328 4639 1358 4688 et
1368 4640 1410 4688 sto
1432 4631 1460 4686 in
1479 4631 1537 4700 eius
1560 4633 1665 4702 gratim

155 4722 241 4792 ¹epod
253 4720 412 4792 saepissime
434 4719 570 4773 invenitur
591 4720 618 4774 in
641 4720 733 4775 divina
757 4719 831 4776 Scri·
882 4720 909 4775 in
920 4717 978 4788 ejus
990 4717 1109 4773 amicitia
1122 4733 1282 4790 permaneo;
1295 4735 1348 4776 non
1362 4722 1444 4786 cado;
1461 4720 1506 4776 illc
1516 4734 1561 4776 me
1574 4731 1667 4778 custo·

157 4814 256 4873 brucca
278 4814 350 4869 cuim
369 4826 418 4883 pro
431 4812 511 4877 dono,
526 4820 555 4867 et
574 4811 672 4866 dcnmn
696 4828 746 4881 pro
767 4814 831 4867 daco
882 4808 973 4874 dit,ne
981 4808 1091 4874 cadam;
1105 4807 1150 4864 ille
1159 4809 1225 4864 mibi
1236 4809 1328 4876 donat,
1339 4810 1668 4883 negendamsuandesc

155 4906 243 4977 incipi.
257 4905 297 4961 lta
311 4903 382 4960 euim
397 4901 490 4969 iuncta
504 4903 568 4956 data
588 4911 699 4957 naturae
713 4910 740 4956 et
760 4902 829 4957 dona
882 4912 939 4952 ram
949 4936 957 4962 ‚
968 4897 1128 4967 scdsemper
1135 4905 1203 4953 stem
1210 4899 1352 4954 claudiam
1362 4915 1434 4966 eum,
1450 4902 1556 4958 audiam
1567 4902 1668 4959 doctri-

155 4990 402 5064 ‚minseparabilia
414 4990 472 5046 lieri
481 4990 631 5045 videantur.
644 4989 831 5073 Nubamujppe
886 5006 948 5047 nam
962 4988 1029 5059 eius,
1040 5006 1091 5046 non
1103 4992 1445 5050 extrinsecussolummodc
1460 4995 1668 5066 aurecorporis‚

170 5092 215 5141 ost
235 5082 382 5149 rationalis,
407 5093 477 5152 quae
500 5079 610 5135 omuino
631 5079 703 5138 dono
726 5084 829 5153 gratiae
881 5097 976 5139 uerum
986 5083 1068 5138 etiam
1076 5083 1238 5139 intrinsecus
1248 5099 1313 5140 aure
1327 5086 1429 5152 cordis,
1439 5086 1534 5156 euplus
1542 5087 1669 5141 intrinse-

165 5172 231 5231 iuni
245 5173 322 5244 [urit
339 5172 428 5226 dorum
444 5171 477 5226 de
493 5169 576 5225 coelo.
599 5172 636 5226 lie
655 5188 710 5241 quo
735 5175 830 5231 caelol
883 5188 931 5231 cus
942 5188 1024 5243 quam
1046 5171 1223 5228 extrinsecus.
1241 5174 1297 5229 Vox
1319 5176 1379 5246 cius
1399 5175 1580 5230 testimonium
1597 5172 1665 5240 eius,

155 5279 185 5321 re
199 5263 334 5339 qidelicct.
347 5262 417 5321 Audi
430 5260 560 5316 iacobum
576 5263 724 5330 apostolum
740 5265 831 5322 dicen·
884 5278 938 5332 quo
947 5260 1070 5331 perbibet
1082 5276 1111 5315 se
1123 5260 1219 5317 Filium
1231 5261 1279 5318 liei
1291 5272 1319 5317 ct
1332 5276 1458 5335 sponsum
1472 5263 1622 5325 Ecclesiam
1642 5270 1670 5316 ct

163 5353 252 5412 omne
267 5352 359 5407 datum
377 5352 507 5421 optimum
521 5360 550 5404 et
562 5365 642 5405 omne
656 5353 755 5407 «lorium
768 5370 832 5423 per-
885 5349 947 5424 quia
970 5351 1050 5406 audio
1075 5351 1186 5405 verbum
1220 5352 1299 5421 ejus,
1325 5354 1430 5423 gaudeo
1453 5362 1559 5425 propter
1580 5367 1668 5405 ccccm

160 5443 303 5500 desursum
313 5447 364 5502 cst,
372 5439 537 5494 descendens
548 5454 563 5492 a
576 5437 656 5492 Patre
667 5439 796 5496 luminum
809 5463 831 5497 r.
884 5441 980 5509 sponsi.
995 5438 1033 5492 be
1043 5453 1073 5493 se
1086 5439 1143 5507 ipso
1154 5454 1229 5517 erqo
1248 5441 1352 5511 protect
1382 5442 1499 5497 lusiones
1521 5440 1593 5510 quod
1606 5438 1645 5492 ait
1659 5455 1667 5491 ε

164 5530 254 5587 serbis
267 5528 376 5584 omnino
388 5527 528 5598 congruit,
543 5528 613 5597 quod
634 5525 752 5584 loannes
774 5532 830 5586 ait:
886 5532 992 5584 inrisus
1005 5540 1090 5585 cutem
1103 5530 1200 5597 spousi,
1215 5533 1259 5600 qui
1281 5543 1331 5587 ciui
1347 5541 1370 5586 ct
1385 5531 1457 5585 eccidit
1479 5545 1549 5596 eum,
1573 5528 1669 5600 paridi„

687 5635 814 5691 i'AlilAE
834 5635 1030 5693 ipericius.

155 5737 176 5793 i.
190 5733 328 5800 quicquum
339 5731 463 5797 occipere.
501 5730 511 5760 ¹
530 5728 618 5791 Corn,
634 5731 692 5784 cod.
708 5730 836 5797 quomies.
