3984 6534
178 396 247 469 noir
869 398 1127 471 loauntssuuur
1768 412 1821 473 tta

175 527 276 583 Sancta
291 522 452 580 Sanctorum
476 519 580 593 ingredi
599 520 827 592 conteruplatiou'e
841 519 978 590 'ritlearis
989 532 1019 581 et
1031 524 1065 579 ad
1088 524 1178 580 abdita
1198 534 1227 579 et
1243 525 1324 597 udpta
1347 527 1469 582 diuinae
1483 523 1704 591 ineffabilitatis,
1716 538 1820 597 quart·

175 613 305 688 possibile
312 621 356 670 est
367 611 537 678 mortalibus,
554 610 642 669 acutis
656 611 837 683 spiritualium
849 612 991 669 mularum
1004 612 1106 671 risibus
1118 615 1268 671 accessisse
1281 618 1291 646 ¹
1303 615 1455 671 credaris.

210 702 361 759 ldirandum
378 711 420 759 est
430 714 537 773 quoque
551 702 574 766 ¹,
593 702 729 773 quomodo
742 701 784 756 nir
797 703 844 759 ille
857 702 1059 774 barbarus,qui
1074 702 1085 734 ⁸
1099 703 1125 758 iu
1147 703 1248 761 duribus
1260 705 1354 760 muntii
1370 705 1508 776 positus,
1518 712 1635 775 quanto
1647 703 1684 759 ab
1696 705 1817 765 anidiu

176 794 393 859 corruersatione
408 801 483 848 tanto
497 791 571 847 credi
586 792 674 862 potuit
685 794 798 848 alterius
813 793 920 865 linquae
936 791 1056 849 dictione
1078 793 1090 823 ⁸
1110 793 1284 864 longinquiis,
1304 794 1369 850 talia
1391 795 1553 851 intellectu
1568 809 1687 864 capere,
1709 794 1815 853 maian-

177 901 230 959 que
243 886 362 956 linguam
379 881 528 938 transferre
539 882 654 938 valuerit
674 881 849 939 ¹:Joannem
870 882 954 938 innuo
977 881 1160 953 Scotigenatn,
1177 884 1275 948 uirum,
1293 897 1376 955 quem
1392 883 1405 915 ⁸
1430 882 1539 937 auditu
1554 881 1685 952 comperi
1696 885 1814 952 pastris

176 983 300 1031 sanctum
317 973 340 1028 ⁷.
363 972 414 1028 Sed
436 974 625 1042 hocoperatus
642 980 685 1028 est
704 971 750 1028 ille
773 971 873 1029 artilex
895 973 906 1007 ⁸
926 972 1053 1044 Spiritus,
1067 973 1113 1043 qui
1134 973 1206 1030 bunc
1220 974 1361 1030 ardeutem
1382 974 1506 1044 par-iser
1515 982 1548 1028 et
1563 970 1811 1042 loquentenierit'.

173 1065 231 1122 Nisi
255 1067 328 1122 enirn
352 1080 387 1121 ex
412 1065 498 1134 pratia
519 1065 603 1137 ipsius
623 1065 685 1136 ique
709 1065 833 1121 caritatis
850 1063 1004 1137 flagrasset,
1027 1069 1198 1135 nequaquam
1219 1065 1319 1121 donum
1345 1063 1458 1136 linguis
1476 1061 1626 1133 loquendi
1650 1061 1735 1132 procul
1754 1063 1811 1117 tau

172 1163 348 1235 suscepisset.
365 1158 434 1217 Nam
462 1161 535 1217 lrunc
561 1159 692 1217 maxistra
721 1159 823 1217 caritas
848 1159 955 1224 docuit,
982 1157 1055 1231 quod
1079 1159 1114 1213 ad
1142 1159 1288 1215 multarunt
1314 1157 1549 1217 irrstruetionem
1575 1162 1609 1215 et
1634 1154 1809 1213 amram

171 1253 290 1325 patrarit
304 1251 338 1307 ¹⁶.

199 1343 310 1413 plerum
323 1342 374 1397 etsi
389 1342 422 1397 ad
445 1356 600 1397 mensurant
618 1342 700 1399 datus
711 1352 753 1399 est
770 1343 795 1398 ei
809 1340 941 1414 Spiritus,
955 1342 1014 1413 ipse
1026 1350 1128 1409 umen,
1142 1342 1263 1414 paternis
1275 1340 1408 1398 doctrinis
1429 1339 1586 1403 imbutus,
1601 1336 1808 1408 quampride

172 1436 289 1501 iecit,et
303 1435 432 1505 prodesse
453 1433 584 1505 proximis
602 1432 675 1489 ultra
692 1434 767 1489 uires
785 1434 909 1509 mutant.
931 1432 1070 1505 Siquidem
1087 1441 1197 1505 practer
1218 1433 1276 1501 illa,
1289 1449 1362 1506 quae
1384 1435 1471 1491 hune
1493 1433 1627 1490 latuisse
1644 1432 1758 1505 prelum
1776 1447 1805 1487 rx

171 1526 225 1593 his,
234 1540 303 1597 quae
316 1526 431 1596 sparsim
446 1539 463 1578 a
477 1506 637 1595 quibusdam
648 1522 683 1579 de
693 1522 825 1594 praedicti
839 1522 928 1579 Patris
938 1509 1109 1581 serr'nonibus
1121 1533 1149 1581 et
1159 1524 1279 1604 epistolis
1290 1532 1353 1581 ants
1370 1535 1426 1580 nos
1443 1525 1653 1595 interpretata
1664 1522 1806 1588 hrains,

171 1618 317 1691 plurimum
328 1618 438 1673 utilitati
452 1617 472 1650 ¹¹
486 1616 632 1680 subtraxit,
644 1617 706 1687 quia
720 1625 793 1673 tanto
803 1615 896 1689 studio
909 1615 1020 1674 uerbum
1041 1632 1058 1673 e
1080 1618 1102 1650 ¹²
1115 1618 1199 1673 uerbo
1215 1616 1314 1673 elicere
1331 1615 1353 1649 ¹⁸
1366 1616 1559 1686 procurarit,
1570 1614 1654 1687 quod
1664 1615 1806 1687 fluuius

172 1707 345 1780 prelationis,
362 1704 425 1761 licet
446 1711 474 1761 et
487 1705 545 1775 ipse
564 1702 725 1776 plerumque
744 1702 766 1737 ¹⁴
785 1719 895 1776 sequar,
910 1715 1043 1777 quantum
1061 1707 1181 1763 illustres
1202 1707 1367 1779 interpretes
1388 1708 1501 1773 nitent,
1527 1716 1583 1761 tua
1604 1704 1723 1776 moieno
1738 1704 1806 1763 effla

172 1795 343 1867 experientia
359 1810 411 1850 non
427 1794 543 1865 ignorat.
558 1792 634 1860 Quod
656 1808 719 1849 eum
738 1808 792 1849 raon
814 1792 903 1867 egisse
913 1794 949 1849 ob
961 1792 1042 1849 aliam
1057 1810 1169 1850 causam
1188 1794 1211 1829 ¹⁸
1226 1796 1363 1864 cristino,
1379 1798 1435 1854 nisi
1451 1800 1540 1871 quia,
1559 1814 1633 1855 cum
1647 1805 1716 1857 uret
1728 1796 1804 1855 fl

169 1884 279 1957 spiritu,
294 1898 347 1939 non
368 1882 552 1955 praesumpsit
567 1885 641 1940 rerhi
657 1885 852 1956 proprietatem
866 1886 1003 1952 deserere,
1018 1901 1052 1941 ne
1066 1886 1157 1956 aliquo
1172 1888 1252 1944 rnodo
1270 1902 1396 1944 asensus
1408 1889 1544 1946 veritam
1561 1886 1802 1947 desiderasti&

170 1976 274 2033 iactrrm
293 1983 345 2042 est,
359 1982 389 2031 ιιι
408 1983 512 2031 tantum
525 1973 626 2040 virum,
642 1975 688 2045 qui
711 1990 761 2046 per
781 1990 821 2043 se,
844 1977 972 2046 quioniam
993 1974 1017 2009 ‘i
1040 1974 1134 2031 iratima
1154 1985 1182 2032 et
1204 1978 1290 2033 ardua
1317 1990 1450 2050 quaeque
1472 1981 1641 2051 utriusque
1662 1979 1802 2052 pili-ter

167 2064 316 2138 penetralia
337 2062 431 2118 rimari
457 2063 607 2134 proposuit,
629 2063 774 2135 perplexus
796 2064 896 2121 nostris
916 2062 1099 2122 intellectibus
1110 2065 1266 2151 ridebatur,
1281 2068 1351 2123 intra
1368 2067 1529 2139 eujusdam
1542 2071 1703 2143 labyrinthi
1719 2068 1800 2128 ss

169 2154 299 2221 irretiret,
315 2162 344 2210 et
354 2154 381 2209 in
395 2153 483 2209 antris
494 2151 715 2223 profundioribus
727 2151 933 2209 invisibiliorem
952 2150 1153 2223 quodammodo
1167 2152 1325 2235 miiocaret,
1345 2163 1374 2211 et
1390 2171 1483 2227 quem
1506 2159 1801 2232 interpretatas-u·

168 2255 278 2317 ceperat
293 2245 326 2315 ¹⁸,
338 2245 428 2303 adbuc
444 2246 570 2303 redderet
588 2246 829 2317 interpretandum.

205 2344 376 2414 Quapropter
392 2343 460 2412 ipse,
474 2343 571 2403 merito
584 2343 605 2376 ²·
617 2342 729 2408 anxius,
741 2341 818 2412 coepi
838 2340 933 2397 sedulo
945 2354 1089 2411 quaerere,
1101 2342 1125 2398 si
1137 2339 1207 2398 iorte
1225 2342 1338 2413 reperiri
1350 2342 1492 2413 potuisset
1508 2354 1689 2418 praeceptor
1698 2349 1800 2421 quisqu

168 2438 211 2494 rel
224 2437 333 2509 aliquod
347 2437 489 2508 scriptum,
503 2451 559 2506 quo
572 2437 732 2492 erracleahtc
749 2443 841 2491 tantus
854 2433 936 2490 Pater
946 2432 1025 2491 nobis
1038 2433 1167 2506 liquidius
1182 2435 1361 2500 illucesceret,
1374 2444 1413 2502 ct,
1440 2439 1513 2508 quia
1528 2440 1596 2510 jaan
1615 2459 1668 2514 per
1687 2445 1801 2514 iraterprds

169 2535 332 2590 industriam
350 2534 458 2605 liuguae
473 2541 584 2589 utestrae
602 2531 691 2588 iuerat
710 2530 835 2597 traditus,
847 2528 950 2587 uostris
964 2544 1073 2604 quoque
1084 2529 1225 2602 ”patulus
1237 2531 1260 2562 ¹¹
1273 2531 1434 2588 redderetur
1449 2533 1621 2603 perfectius
1632 2538 1799 2593 irrtelbetibn:

168 2645 231 2686 eum
242 2644 306 2685 ecce
319 2636 431 2698 repente
441 2628 601 2700 paratheses
611 2628 635 2658 ¹¹
654 2628 712 2683 sire
726 2626 829 2684 scholia
854 2627 881 2683 lu
903 2640 978 2693 euru,
992 2641 1063 2697 quae
1082 2626 1314 2697 Gortstarrtinopoli
1331 2627 1439 2698 parsitus
1451 2630 1606 2697 videram,
1624 2636 1661 2690 ad
1681 2650 1799 2690 aaran

165 2742 243 2793 urere,
259 2726 358 2796 quibus
374 2733 512 2796 utcunque
521 2722 707 2792 interpretatis
721 2720 786 2779 nriht
797 2720 994 2794 aliquantulam
1005 2720 1213 2793 mapisemieuit
1223 2761 1231 2788 ,
1243 2722 1457 2794 qnaeridelieet
1470 2724 1498 2757 ⁸⁸
1514 2727 1545 2782 in
1564 2730 1801 2804 marginibasiatn·

164 2819 263 2889 pretati
288 2816 391 2875 codicis
411 2812 484 2885 ejus,
497 2820 528 2871 ut
549 2814 575 2868 in
597 2812 702 2869 Gracco
723 2813 825 2885 reperi,
840 2827 903 2868 mox
918 2813 1095 2885 interpretata
1113 2813 1355 2885 uteunque,donec
1381 2831 1397 2868 a
1423 2816 1516 2874 docto
1540 2820 1653 2879 melius
1681 2824 1801 2895 iamper

165 2925 261 2969 renutu
281 2912 316 2981 ¹⁸,
331 2913 558 2986 respondentibus
579 2912 666 2987 signis
685 2913 822 2987 interpres
837 2928 889 2987 epo
909 2912 976 2970 satis
990 2912 1133 2986 imperitus
1152 2915 1275 2987 apposui,
1289 2923 1457 2988 vestraeque
1472 2918 1632 2991 gloriosae
1645 2924 1670 2957 ¹·
1691 2924 1802 2997 aphrae

163 3009 334 3078 potissimum
344 3008 404 3069 loro
421 3010 552 3067 mittenda
574 3024 627 3065 nou
643 3008 784 3067 immerito
799 3007 931 3079 iudicari,
947 3015 976 3079 ut
989 3007 1105 3075 seilicet,
1121 3024 1193 3080 quae
1209 3005 1261 3063 init
1282 3008 1395 3065 ulterius
1418 3010 1685 3085 interpretationis
1701 3018 1801 3077 mnan

164 3111 193 3155 et
206 3105 375 3172 auxiliatrix,
388 3106 425 3162 sit
436 3108 520 3164 etiam
536 3114 647 3163 nostrae
658 3106 855 3178 qualiscunque
868 3103 1023 3177 susceptrix
1040 3112 1069 3162 et
1090 3104 1273 3176 approbatrix.
1287 3103 1410 3177 ipsorum
1423 3117 1530 3164 autern
1554 3112 1803 3173 schuttera-rte·

164 3200 344 3268 paratheseon
359 3214 536 3275 quaeeunque
549 3205 578 3261 in
592 3203 668 3260 calce
682 3203 724 3259 sni
735 3204 841 3274 siguum
853 3201 978 3259 vivificae
988 3202 1079 3259 crucis
1093 3203 1204 3269 habent,
1216 3217 1231 3257 a
1243 3202 1323 3259 beato
1336 3194 1462 3261 iiaxirno
1472 3208 1655 3267 coralessorc
1665 3222 1695 3269 et
1706 3210 1804 3271 ιιιιιὺ
1840 3228 1842 3243 ¹

164 3292 277 3347 intenta
286 3292 308 3328 ²¹
324 3302 579 3373 narrantur,cetera
593 3311 657 3354 uero
668 3298 755 3354 sancti
765 3296 889 3365 loannis,
900 3294 1117 3369 Scythopolitaui
1128 3296 1152 3331 ’⁸
1164 3299 1283 3370 episcopi
1295 3301 1401 3366 ‘’,esse
1411 3300 1561 3361 teruntur.
1576 3307 1804 3367 Saaeubiaruiis

164 3389 322 3459 interpretis
336 3384 439 3447 scholia
460 3391 518 3461 ipsa
531 3391 676 3446 dissentire
689 3393 755 3456 uidi,
770 3405 800 3447 nt
814 3393 911 3457 lector,
922 3392 988 3462 quid
1001 3394 1035 3448 de
1047 3393 1170 3464 apposita
1187 3394 1304 3450 dictione
1317 3395 1457 3467 interpres
1468 3402 1619 3471 aeluserit,
1635 3402 1803 3477 quidsrifi

164 3484 478 3550 insinuet‚indiiiiculter
494 3484 518 3519 *θ
539 3499 679 3555 agaroseat,
693 3496 718 3543 el
740 3488 820 3541 rerba
843 3487 1000 3556 interpretis
1025 3487 1127 3542 scholio
1146 3488 1262 3553 inserui,
1275 3496 1311 3553 et,
1333 3488 1455 3559 qualiter
1475 3508 1512 3548 ea
1538 3498 1649 3556 scholii
1673 3501 1802 3573 munden

162 3581 331 3652 praetulerit,
352 3581 437 3635 innui.
453 3579 505 3635 Sed
521 3588 558 3642 et,
575 3579 660 3633 sicuhi
677 3589 858 3649 opportunum
880 3581 939 3634 iore
959 3581 1087 3649 eotrspeni
1102 3581 1136 3647 ⁸¹,
1157 3597 1190 3636 cx
1210 3597 1253 3638 nuc
1266 3598 1384 3654 quoquc,
1398 3588 1544 3653 ‹parnatiaun
1560 3607 1631 3652 esse
1654 3596 1731 3654 aliter
1740 3598 1801 3651 ”uu

163 3676 261 3745 potuit,
276 3676 439 3746 paucissima
452 3673 599 3746 quaedam,
610 3681 636 3729 ct
651 3688 721 3743 quac
736 3662 841 3729 facilius
852 3675 886 3729 ah
901 3674 1067 3745 intelligente
1081 3677 1189 3743 agnosci
1204 3686 1330 3747 poterant
1345 3677 1378 3740 ³¹,
1395 3680 1574 3753 interposui,

200 3769 343 3827 Praeterea
361 3771 509 3827 notandum
528 3782 580 3837 est,
592 3771 663 3841 quod
678 3769 710 3837 ”,
727 3771 789 3826 licet
803 3781 896 3828 larrme
906 3772 1008 3844 gloriae
1024 3784 1168 3845 tantaeque
1180 3776 1310 3831 scientiae
1328 3777 1384 3833 she
1395 3776 1422 3810 ⁸⁶
1445 3784 1644 3856 antiquitatis
1656 3792 1708 3849 iste
1719 3800 1802 3851 aas

131 3929 136 3942 ,
162 3869 309 3942 Dionysius
327 3870 417 3934 luerit,
442 3882 579 3940 nunquam
602 3869 795 3939 tanterraliqua
815 3868 943 3940 opusetrla
958 3882 1019 3925 erum
1038 3871 1164 3936 edidisse,
1181 3871 1232 3927 ruisi
1253 3871 1330 3927 iallor
1349 3872 1381 3938 ⁸⁸,
1397 3889 1597 3952 quaeeunque
1614 3886 1800 3945 onm-

163 3962 265 4032 scripta
280 3961 389 4045 traditio
397 3961 497 4031 prodit,
512 3961 670 4049 priusquam
684 3961 799 4017 horrraui
815 3962 968 4032 pontiilces,
983 3961 1108 4018 uidelicet
1120 3962 1268 4034 Gregorius
1282 3962 1316 4029 ¹¹,
1335 3964 1483 4035 biartinus,
1493 3983 1538 4028 er
1553 3974 1801 4047 Apum-u

162 4054 221 4124 ejus
232 4056 258 4108 iu
271 4055 293 4086 ²¹¹
305 4056 465 4125 conscriptis
478 4057 535 4110 suis
546 4057 708 4111 nrentinneur
724 4056 837 4112 iecerint
846 4054 915 4126 ’⁹‚et
926 4070 959 4112 ea
973 4072 1022 4127 per
1033 4056 1101 4114 haee
1114 4057 1263 4128 probabilia
1273 4057 1431 4129 iudicantes
1442 4046 1800 4151 adnuiserixrtQ'ffl

162 4148 268 4204 scilicet
281 4149 308 4204 in
319 4149 434 4205 homelia
448 4149 556 4218 capituli
571 4151 718 4221 evangelici
732 4151 752 4181 ⁵¹
764 4151 797 4206 de
809 4161 917 4206 centurn
933 4151 1030 4206 oribus
1039 4161 1067 4206 et
1076 4151 1170 4207 decem
1184 4153 1332 4216 drachmis.
1346 4153 1481 4213 biartintis
1496 4160 1526 4216 in
1544 4170 1662 4237 syram
1672 4174 1798 4247 ηρ

163 4246 265 4301 homae
279 4254 375 4302 contra
390 4242 541 4301 haereticos
550 4243 708 4311 celebrarit,
722 4254 750 4301 et
760 4245 864 4316 Agatho
878 4246 904 4301 iu
923 4247 1135 4317 epistola,quam
1149 4246 1183 4302 ad
1197 4255 1303 4303 sextam
1318 4249 1453 4320 synodum
1464 4253 1641 4321 ᾶωιιιιιιιι.
1653 4262 1798 4345 tiraq·

161 4356 255 4399 ueram
266 4357 328 4399 esse
342 4341 506 4399 Graecorum
525 4342 679 4414 opinionem
693 4343 810 4412 conjicio
834 4343 1033 4413 perlabentium
1055 4340 1089 4409 ⁸¹,
1102 4343 1187 4398 libros
1203 4342 1294 4413 elasa
1315 4345 1453 4417 prioribus
1474 4350 1643 4419 haereticis
1660 4348 1797 4428 effla

162 4440 248 4499 donec
264 4442 344 4515 longo
355 4451 548 4514 posttempore
562 4458 595 4500 cr
612 4444 750 4515 opusculis
760 4444 819 4515 ajars
833 4443 906 4500 solus
919 4443 1014 4508 codex,
1032 4445 1077 4514 qui
1094 4458 1165 4498 tttrttc.
1179 4444 1306 4507 hahetur,
1322 4452 1364 4500 est
1378 4434 1485 4504 name
1502 4461 1655 4527 reportans,
1670 4458 1798 4531 «πῂ

162 4540 280 4597 nondum
298 4542 415 4599 inuentis
426 4544 452 4600 in
463 4542 605 4601 Graeciam
619 4553 783 4616 asportatus.
797 4543 886 4599 Edidit
896 4545 968 4598 cutim
981 4553 1009 4598 et
1021 4542 1045 4575 ⁸⁸
1060 4542 1139 4610 alios,
1155 4551 1186 4598 ut
1199 4542 1259 4615 ipse
1279 4543 1366 4601 lenuit
1376 4544 1412 4610 ⁸⁸,
1430 4544 1533 4615 libros,
1551 4564 1629 4623 qun·
1643 4552 1795 4615 mem

163 4634 316 4704 quisquam,
331 4650 382 4693 nee
395 4635 483 4692 adbuc
500 4635 589 4709 potuit
600 4636 723 4693 invenire
735 4632 861 4692 Latinus.

198 4729 232 4784 iit
245 4731 352 4801 quidem
374 4730 462 4787 laicas
483 4732 509 4788 in
533 4732 646 4787 detilurs
666 4731 850 4806 apostolerum
864 4742 889 4795 ⁸,
916 4730 1100 4801 Errsenruaque
1124 4720 1269 4802 Pamphili,
1282 4738 1310 4788 et
1328 4716 1475 4803 'iliouysius
1489 4726 1629 4800 Corium
1648 4740 1675 4781 st
1692 4744 1793 4807 „m

806 4865 1151 4941 rnnran·,tnenonns

201 4974 370 5039 *sicheri
396 4979 535 5046 accepisse.
591 4976 628 5033 ’J
645 4977 798 5032 liirnndem
807 4987 971 5101 quoquere.
1019 4976 1059 5034 ‘l
1074 4976 1169 5033 illeoir
1196 4980 1339 5044 barbarus,
1358 4981 1403 5035 ille
1419 4982 1477 5051 quai.
1530 4988 1610 5049 δεῖς
1638 4994 1693 5062 Ρ];
1718 4994 1790 5051 Νη.

163 5048 288 5131 tineliotte
322 5043 496 5100 rienteertr.
540 5046 577 5103 ‘l
593 5056 731 5116 quonium.
776 5049 786 5078 ²
842 5064 959 5129 soerurut
995 5048 1034 5104 'J
1051 5048 1149 5172 artigas
1164 5048 1219 5104 ille.
1259 5050 1400 5133 ’isonis
1441 5050 1492 5109 ’Ἰ
1509 5062 1636 5127 pm,
1692 5064 1713 5100 ιι
1728 5062 1790 5121 m,

163 5120 255 5173 lrlatrs.
291 5119 313 5149 ¹³
334 5113 379 5170 rh
406 5115 569 5197 rerbrrnrde
592 5116 684 5170 verbu.
723 5115 804 5170 ¹'Sue
827 5115 1023 5201 PljUdtcere.
1065 5117 1087 5150 ¹⁸
1122 5116 1410 5205 th;PU=nlurtmuut.
1451 5122 1501 5180 ¹¹1
1522 5128 1614 5189 atton
1634 5134 1669 5191 oi
1690 5151 1789 5193 um

163 5186 382 5325 33.'sri“i¹‘;'⁶in
399 5184 582 5327 ,illailla
607 5182 784 5325 'limittit
830 5187 1027 5313 ''d‘htlltt
1043 5204 1102 5313 ll:
1123 5188 1154 5314 b]
1205 5188 1532 5328 'liliattthzttz
1553 5198 1788 5347 uliam:

163 5329 188 5365 ¹¹
206 5326 221 5385 l
233 5344 291 5383 sert.
347 5325 428 5381 ¹⁷Ja
449 5325 524 5381 leuto
549 5343 582 5382 ue
603 5324 863 5381 „inanescentem
885 5324 1032 5396 conferrere
1052 5328 1171 5383 inuenta.
1232 5330 1255 5368 ⁸⁸
1268 5329 1314 5387 PU
1329 5329 1527 5400 Speopolirapi,
1583 5343 1642 5399 sap
1670 5344 1789 5403 m

165 5398 188 5435 ”
207 5398 288 5455 lindi
330 5397 408 5452 iliter.
447 5395 500 5452 ²¹1
522 5395 633 5466 inspexi.
679 5392 730 5451 ”J
754 5395 910 5452 aliteresse.
949 5392 972 5473 ,⁸⁸
989 5396 1320 5473 Ppoterant.lposrunt.
1370 5400 1500 5470 ripeta
1540 5409 1669 5469 ”lgm
1706 5414 1728 5453 a·
1738 5410 1790 5469 12·

164 5468 254 5538 [dior.
305 5467 341 5523 'l
355 5464 496 5549 Greqorius
513 5464 639 5549 ¹uidelicet.
689 5465 751 5521 ⁸³in
770 5482 829 5521 om,
844 5465 871 5522 l.
919 5467 941 5501 ⁸¹
958 5464 977 5523 t
992 5466 1118 5550 [merem.
1155 5466 1202 5523 ”l
1221 5469 1395 5551 admiserunt.
1443 5472 1466 5505 ⁸¹
1482 5474 1504 5531 U
1520 5477 1676 5553 Eneapelii.
1711 5480 1789 5553 *ep

163 5554 218 5594 orn.
237 5536 262 5595 J.
285 5536 599 5605 ,repraesentem
631 5535 654 5567 ‘⁸
675 5544 699 5590 ct
723 5552 778 5593 our.
805 5536 839 5593 h.
879 5535 1070 5592 “lanemtnrl.
1122 5538 1145 5572 ‘⁸
1164 5536 1177 5593 d
1197 5537 1411 5595 Conntluenunt.

833 5693 836 5696 ⁴
930 5664 1053 5722 h'0'lrth.

199 5770 214 5801 ι
233 5756 292 5812 liet.
308 5754 389 5819 titii,
405 5755 447 5808 at.
476 5824 489 5849 Ι,
