3984 6534
482 359 526 416 nn
546 359 715 418 parisinus
734 359 908 429 urrunnu.
928 391 964 403 -
982 343 1083 429 iussn
1100 360 1275 431 ouranos.
1646 372 1700 433 cst

168 466 295 522 astutiam
315 466 413 525 diaboli
433 472 669 559 membrorumque
687 475 747 547 dus
759 475 815 531 sive
830 476 855 535 in
872 485 894 548 Α
909 475 1029 553 (istorum
1043 476 1175 548 quaedam
1198 477 1331 554 quidem·
1347 479 1425 563 longe
1440 491 1516 538 extra
1529 483 1625 542 nrolenr
1640 502 1700 544 cor·

155 573 185 623 s,
201 559 258 612 sive
277 559 303 614 in
319 560 475 620 hontinibus
491 564 579 633 ruralis,
594 566 712 637 inmuni
726 581 792 624 uero
810 582 857 625 seu
908 583 1020 640 porcam
1038 568 1180 625 sentientis
1197 569 1395 645 extenduntur,
1414 583 1445 636 ut
1459 574 1531 632 visus
1543 583 1572 639 ct
1584 576 1699 637 auditus.

155 652 233 708 tionis
244 656 386 723 vocabulo,
397 659 461 739 qula
476 660 667 718 sicdiversitas
680 663 858 734 interpretum
909 659 999 720 Solem
1019 672 1136 737 namque
1159 668 1187 716 et
1200 658 1291 716 lunam
1312 660 1344 735 ¹⁰,
1365 636 1511 745 ceteraque
1521 666 1609 733 sidera
1623 667 1702 749 lonigo

155 746 205 801 tiae
220 747 313 803 usibus
327 763 360 804 ex
380 750 508 810 hebraico
523 754 661 810 transtulit
671 755 792 836 eloquio,
812 765 859 813 aut
909 750 990 815 aben
1008 751 1079 829 loco,
1094 765 1148 822 quo
1167 751 1321 823 corpusculi
1337 754 1390 811 mei
1412 755 1498 813 moles
1512 758 1640 826 ambitur,
1656 775 1701 839 po

155 852 193 893 am
208 852 318 905 corum,
342 842 488 898 secundnm
503 861 584 917 qnam
603 863 618 902 a
638 847 695 903 ilco
713 849 857 922 substituta
909 845 960 905 stra
980 845 1079 905 sentio.
1095 841 1145 907 libi
1168 845 1240 905 enim
1255 853 1327 914 sunt,
1354 846 1390 903 ibi
1404 863 1437 904 ea
1456 848 1544 916 sentio
1565 849 1593 907 in
1617 850 1702 921 radiis

163 928 320 1006 priusquam
341 941 502 1003 peccarent,
522 946 569 992 aut
587 952 635 1005 ea,
655 954 725 1010 quae
750 949 860 1011 propter
908 937 1049 993 oculorum
1063 952 1197 1006 meorum,
1217 938 1262 1015 qui
1277 939 1340 997 illuc
1353 940 1425 999 naua
1445 956 1520 999 mora
1541 943 1702 1007 interstante

155 1020 221 1099 uiant
243 1038 319 1077 snam
341 1024 382 1079 eis
400 1027 572 1097 superaddita
599 1038 662 1086 sunt
680 1030 707 1098 ¹,
728 1030 859 1104 intelliqa-
909 1029 1059 1110 eriguntur,
1074 1029 1213 1103 inquibus
1229 1031 1389 1102 phantasiae
1409 1032 1608 1104 praedictorum
1631 1034 1702 1095 sidc-

158 1111 211 1169 8ed
224 1115 403 1188 qualicunque
417 1121 497 1176 modo
515 1123 681 1193 accipiamus
700 1123 858 1195 tigmentum
909 1136 968 1190 rtrm
983 1118 1144 1178 formantur.
1161 1121 1474 1195 viocenomanensis
1490 1122 1568 1203 longe
1580 1121 1700 1194 praelata

155 1205 327 1271 remotionem,
339 1207 391 1264 boc
404 1218 445 1264 est
458 1211 515 1267 sive
527 1212 560 1267 de
572 1223 679 1280 natura,
692 1216 749 1271 sive
763 1216 797 1271 dc
811 1230 858 1271 na·
908 1212 1010 1273 semina
1028 1213 1182 1272 calcaneum
1200 1217 1318 1274 suumin
1332 1232 1434 1290 orqano
1448 1217 1468 1252 ¹¹
1484 1218 1591 1283 uidendi
1605 1229 1700 1285 exten-

156 1298 347 1367 superadditis,
363 1300 396 1355 ad
414 1301 576 1358 illudendum
590 1305 615 1359 ei
629 1322 644 1367 a
659 1307 759 1370 sanctis
772 1308 859 1363 ionu-
908 1305 956 1360 dit.
974 1305 1104 1380 Similiter
1114 1306 1208 1376 debis,
1223 1321 1292 1378 quae
1305 1322 1389 1380 prope
1401 1308 1442 1364 vel
1460 1310 1482 1342 ¹¹
1496 1305 1523 1366 in
1537 1309 1634 1371 mediis
1644 1327 1701 1382 spa-
1743 1370 1747 1378 ,

159 1389 316 1459 sanctisque
330 1391 432 1462 angelis
449 1393 573 1450 diabolus
586 1412 646 1452 cnm
660 1412 710 1451 sno
725 1405 780 1453 toto
798 1412 859 1453 cor·
909 1395 953 1451 tiis
973 1395 1108 1460 ridentur,
1131 1397 1343 1469 intelligendum.
1367 1397 1425 1454 Nou
1446 1397 1499 1455 alio
1512 1399 1591 1456 modo
1611 1400 1644 1457 de
1657 1416 1703 1455 au·

155 1475 283 1537 lormaurs
299 1493 360 1549 cst,
384 1500 437 1541 non
455 1484 531 1554 irrata
551 1489 621 1559 quod
641 1490 802 1546 naturaliter
816 1489 857 1547 la·
908 1488 997 1549 diendi
1013 1487 1101 1543 udicio
1125 1488 1254 1546 naturalis
1277 1491 1370 1561 orqani
1391 1491 1574 1559 consideratio
1594 1493 1699 1548 edocet.

156 1575 203 1631 sed
221 1572 300 1646 iuxta
322 1579 393 1647 quod
414 1581 594 1650 superbiendo
612 1599 730 1655 suraeque
745 1592 859 1649 naturae
909 1578 1025 1643 Auditus
1040 1579 1172 1650 siquidem
1191 1588 1267 1635 extra
1283 1583 1405 1653 corporis
1418 1583 1505 1655 spatia
1525 1582 1599 1640 lorus
1611 1599 1701 1641 crum·

155 1674 222 1721 atem
238 1668 388 1725 deserendo
403 1669 518 1727 iuturus.
533 1672 661 1731 illudetur
674 1676 747 1730 enim
763 1691 777 1728 a
792 1690 857 1737 san·
907 1671 957 1743 pit,
972 1680 999 1726 nt
1017 1684 1145 1727 sonorum
1160 1687 1208 1729 seu
1231 1688 1327 1729 uocum
1352 1673 1481 1729 iormnias
1503 1675 1529 1730 in
1554 1676 1642 1746 seipso
1658 1691 1703 1731 ex·

157 1774 189 1812 us
202 1760 306 1829 angelis
343 1800 350 1826 ,
377 1764 578 1819 remanentibus
597 1765 694 1839 quiippe
716 1766 770 1820 iilis
788 1766 856 1821 ltotta
906 1777 1014 1834 pressas
1034 1765 1154 1834 recipiat,
1170 1765 1226 1820 sive
1245 1764 1333 1838 longe,
1353 1766 1410 1822 sive
1427 1781 1511 1841 prope
1531 1766 1586 1823 ictu
1600 1767 1702 1824 ¹¹airis

155 1858 204 1904 ate
217 1856 244 1903 et
258 1850 406 1907 conditoris
425 1853 513 1935 gratia
528 1853 588 1910 tais
607 1854 617 1886 ’
632 1855 659 1909 in
672 1849 703 1911 ea
720 1853 856 1917 felicitate.
874 1849 1158 1919 bellecampianas
1173 1856 1238 1907 iero
1251 1855 1321 1917 intra
1338 1855 1468 1911 terminos
1483 1855 1603 1926 corporis
1617 1855 1703 1912 conti-

155 1959 159 1994 ι
182 1942 265 1997 creati
282 1953 353 1997 srrnt.
374 1942 418 1997 lile
438 1946 553 2014 superba
572 1946 740 2014 ignorantia,
760 1962 860 2018 quase
910 1941 1542 2015 netunr,otestoliaetnsetqustus,utmultis
1557 1948 1702 2011 denatura

155 2047 195 2086 um
204 2048 257 2087 non
271 2035 464 2114 praesciverat,
475 2049 537 2089 narn
553 2037 574 2090 si
589 2038 747 2115 praesciret,
762 2037 858 2105 ionias·
909 2049 1034 2091 sensnum
1047 2036 1246 2108 disputantibus
1261 2037 1284 2069 ¹¹
1295 2038 1410 2097 uidetur.
1421 2038 1480 2094 Non
1492 2040 1588 2095 desunt
1601 2049 1701 2106 tamen,

155 2125 176 2182 bi
190 2127 359 2199 praevideret
379 2143 412 2183 ne
426 2130 546 2195 caderet,
565 2132 711 2209 deceptus.
727 2133 858 2204 irrqridiaes
910 2125 955 2195 qul
971 2138 1081 2207 sensum
1093 2124 1235 2181 olfaciendi
1252 2125 1324 2181 loras
1336 2135 1477 2182 antrunant
1490 2128 1623 2199 prosilire,
1637 2143 1702 2201 quo-

155 2230 217 2273 vore
231 2217 349 2289 indatus,
365 2220 390 2274 in
406 2235 482 2275 suam
497 2230 594 2294 sponte
608 2221 734 2295 delapsus
751 2233 793 2280 est
806 2224 858 2280 mi·
910 2235 969 2273 ιιιιιι
983 2220 1137 2291 opinionem
1149 2235 1202 2273 nou
1216 2234 1362 2292 possumus
1375 2234 1502 2291 spernere
1514 2238 1522 2286 3
1538 2219 1703 2292 longiuscule

155 2326 176 2373 ι,
189 2308 258 2371 iusti
272 2326 336 2367 rero
352 2312 475 2367 homines
492 2312 629 2375 Creatoris
642 2315 682 2369 sui
698 2331 730 2370 ac
743 2313 860 2373 Redem·
910 2311 981 2366 cnim
1006 2328 1022 2373 a
1047 2311 1206 2383 corporibus
1229 2294 1330 2367 nostris
1347 2312 1416 2367 bone
1434 2327 1482 2374 seu
1506 2311 1585 2368 aliter
1602 2312 1701 2369 olentia

164 2403 266 2477 pietate
282 2404 387 2461 liberati
399 2413 426 2460 et
441 2405 596 2474 illuminati,
613 2406 726 2462 illudunt
743 2408 776 2471 ei,
794 2409 857 2473 dum
910 2404 1052 2465 sentimus.
1077 2404 1116 2459 tte
1139 2413 1211 2464 tactu
1235 2412 1323 2460 autern
1344 2399 1424 2481 nemo
1437 2407 1612 2484 physicorum
1628 2407 1701 2463 «tatu
1735 2413 1740 2421 ’

170 2494 286 2561 latenter
305 2495 392 2559 forma
413 2497 476 2552 bord
496 2498 662 2566 coloratum,
675 2501 859 2573 virtutumque
911 2505 960 2562 tat,
981 2498 1052 2570 quod
1067 2507 1094 2553 et
1105 2498 1175 2553 intra
1190 2514 1288 2570 eorpus
1300 2507 1328 2554 et
1338 2508 1416 2566 extra
1432 2515 1511 2563 suum
1523 2508 1634 2579 peragat
1649 2498 1703 2555 olit-

155 2589 241 2644 udine
255 2589 320 2644 vitia
343 2591 567 2663 mortiferumque
588 2592 706 2658 malitiae
726 2608 858 2652 uenrrnnm
910 2588 992 2644 cium.
1009 2589 1090 2644 Solus
1111 2590 1182 2644 enim
1204 2598 1231 2645 et
1256 2589 1315 2645 sine
1335 2590 1394 2645 aliis
1413 2590 1535 2647 sensibus
1549 2592 1602 2646 uim
1624 2607 1705 2661 stram,

155 2687 252 2737 'entem
273 2681 436 2746 sentientes,
452 2697 514 2738 mox
531 2693 611 2756 capnt
629 2681 687 2761 ciris
704 2691 857 2745 conterunt,
910 2690 1042 2743 excercet.
1055 2679 1149 2739 Nullus
1164 2695 1228 2735 uero
1243 2679 1356 2737 alioruin
1371 2689 1499 2751 quattuor
1516 2680 1618 2751 absque
1632 2680 1703 2739 illins

155 2786 209 2843 quc
219 2771 399 2843 spiritualem,
411 2772 528 2829 diuinam
541 2772 665 2831 videlicet
677 2773 858 2855 prudentiam,
911 2770 1286 2847 cooperationeministerium
1298 2786 1377 2831 statim
1388 2770 1460 2826 ualet
1470 2771 1625 2845 adimplere.
1633 2771 1703 2833 Natu

155 2865 211 2921 ritia
225 2880 239 2920 a
257 2864 401 2922 virtutibus
415 2866 543 2931 secernit,
560 2881 593 2920 ne
612 2865 723 2926 subdola
740 2865 859 2929 uersrttia
910 2868 938 2914 et
951 2861 1025 2924 visus
1038 2877 1091 2916 non
1105 2869 1192 2932 potest
1205 2861 1308 2926 ridere,
1322 2860 1373 2916 nisi
1389 2862 1516 2934 tetigerit,
1531 2861 1601 2932 quod
1613 2859 1699 2936 viden

155 2959 229 3029 dicre
253 2959 363 3024 valcat,
388 2959 510 3015 internae
533 2959 705 3030 discretionis
733 2959 859 3033 dentibus
910 2968 961 3020 nce
976 2953 1084 3008 auditos
1101 2953 1211 3018 audire,
1232 2953 1283 3015 nisi
1303 2953 1436 3025 tetigerit,
1452 2953 1524 3033 quod
1543 2953 1631 3020 audin
1653 2967 1705 3023 nen

156 3051 264 3118 irruunt,
287 3052 399 3122 uerique
423 3052 486 3107 boui
510 3050 624 3117 sinceris
648 3051 760 3124 dapibus
786 3050 859 3106 omni
911 3042 1025 3101 ollactus
1039 3043 1172 3109 oilaeere,
1190 3044 1211 3099 si
1226 3059 1279 3103 non
1297 3044 1433 3116 tetigerit,
1446 3045 1516 3117 qnod
1530 3044 1600 3110 olct;
1615 3058 1703 3114 neque

156 3159 186 3203 ta
212 3142 275 3204 mati
299 3144 422 3217 purgatis
455 3152 608 3200 vescuntur.
633 3143 725 3215 Neque
751 3143 856 3198 illorttm
910 3146 1004 3207 gustus
1018 3145 1137 3209 gustare,
1150 3135 1173 3191 si
1184 3150 1237 3190 non
1248 3135 1454 3213 tetigerit,quod
1465 3144 1564 3211 gustat.
1578 3120 1704 3189 Animad-

155 3249 206 3290 rent
232 3236 255 3300 ’,
269 3234 322 3291 boc
339 3244 381 3297 est
399 3249 506 3290 sensnm
526 3235 545 3297 ⁸,
566 3233 746 3290 materialium
765 3248 856 3289 rerum
871 3208 986 3285 C'uerte
1004 3229 1095 3311 itaque
1113 3227 1235 3289 irradiaris
1255 3229 1412 3284 calcaneum
1433 3227 1481 3294 ¹⁸,
1502 3224 1704 3304 quinqueperti-

155 3328 239 3385 ritudo
253 3327 367 3413 decipit,
387 3343 528 3409 perquam
545 3327 671 3399 antiquus
691 3323 811 3399 coluber,
826 3324 857 3380 li·
911 3326 967 3372 tum
981 3332 1088 3374 sensum
1099 3317 1266 3384 settsittiliuto
1283 3332 1373 3373 rernm
1387 3315 1537 3389 phantasiis
1547 3315 1706 3397 formatum,

155 3434 191 3473 isa
210 3419 386 3485 delectatione
406 3419 562 3485 mediante,
576 3416 857 3475 traortileravitiorum
910 3411 953 3467 cui
969 3425 1081 3481 serpens
1097 3409 1211 3479 callidus
1229 3409 1382 3485 insidiator.¹
1397 3400 1543 3479 insidiatur
1555 3408 1627 3462 enirn
1639 3420 1706 3481 sen-¹

155 3525 169 3565 a
190 3509 218 3565 in
242 3510 448 3583 imprudentium
465 3511 570 3566 animos
588 3509 598 3540 ’
613 3508 746 3570 «librandis
761 3508 859 3568 eosne..
908 3505 949 3560 sui
961 3503 1080 3569 uidendi,
1093 3503 1157 3557 dum
1167 3501 1393 3574 pulchritudinem
1408 3498 1704 3579 ιοιιιιιιιιιιιιοΙιιιιιιιι-1

155 3614 183 3675 30
204 3601 319 3666 mtrlicr,
332 3601 384 3657 hoc
398 3611 441 3660 est
457 3617 566 3662 sensns,
586 3601 715 3656 maiitiam
738 3600 858 3669 bonitate
908 3610 961 3667 que
974 3595 1090 3650 incautis
1111 3593 1253 3651 animabus
1276 3592 1431 3663 perniciose
1451 3592 1545 3654 suadet
1558 3591 1707 3671 concupis·⁴

155 3707 222 3748 nens
254 3691 283 3758 1,
307 3690 427 3748 lortioris
451 3692 586 3758 mulieris,
608 3691 655 3746 liei
680 3691 761 3747 Verbi
786 3690 856 3759 dico,
909 3681 1703 3749 eereEademrationedebarmonlavocumdesnauitate

155 3782 211 3839 ibus
233 3783 359 3850 incitata,
377 3791 462 3849 mota,
486 3783 588 3853 adjuta,
616 3781 752 3845 roborata,
777 3781 858 3838 etad
909 3777 1037 3843 odorum,
1058 3779 1091 3832 de
1111 3791 1237 3849 saporum
1254 3791 1417 3846 coriumque,
1431 3789 1500 3847 «pirae
1521 3782 1608 3828 tactus
1621 3773 1702 3826 attin-

156 3875 256 3929 tionem
281 3858 395 3931 actionis
414 3883 441 3931 ct
461 3858 695 3943 contemplationis
717 3873 859 3951 perducta,
908 3871 957 3942 git,
968 3867 1406 3943 delectationibusintelligendum
1419 3866 1545 3921 arbitror.
1558 3863 1633 3935 (inae
1644 3878 1702 3916 οιιι-

158 3964 292 4034 serpentis
305 3974 331 4030 et
347 3964 435 4035 capita
450 3946 599 4020 diabolicae
621 3962 748 4027 videlicet
758 3977 856 4034 sugge-
908 3963 965 4027 nia,
978 3962 1041 4020 dunt
1057 3960 1224 4031 improvide,
1241 3960 1292 4014 boc
1304 3968 1346 4013 est
1359 3957 1460 4022 carnali
1479 3957 1624 4031 cupiditate
1637 3970 1705 4028 con·¹

155 4053 401 4126 illlecebrosaeque
416 4052 602 4110 delectationis
615 4053 770 4125 primordia,
786 4053 858 4108 unde
909 4055 1015 4125 cupita,
1034 4068 1082 4125 per
1100 4066 1261 4123 corporeum
1280 4065 1390 4116 sensum
1408 4049 1442 4104 ab
1462 4048 1552 4104 anima
1572 4049 1594 4081 ¹⁸
1612 4046 1700 4129 perei-

155 4148 218 4204 titia
231 4148 374 4219 divinaque
385 4144 498 4203 edicitur
513 4145 624 4202 reiectio
645 4145 666 4200 ⁸.
678 4144 771 4213 Qualis
785 4144 858 4200 enim
908 4147 1033 4219 piantur,
1051 4142 1221 4199 mortiferum
1239 4142 1391 4201 divinornm
1407 4142 1594 4205 nrandatorum
1610 4148 1708 4220 trans-⁸

171 4237 274 4296 laetitia
294 4248 333 4294 est
356 4237 533 4309 spiritualiter
551 4237 578 4292 in
598 4237 650 4291 bac
663 4236 718 4291 vita
738 4234 858 4306 degenti·
908 4222 1339 4311 pressinniseldciuntvenenum,
1351 4232 1527 4310 omniumque
1541 4230 1700 4299 delictorum

155 4343 222 4403 quam
236 4329 406 4400 serpentinas
418 4328 629 4397 libidinosasque
645 4325 744 4381 diaboli
763 4339 858 4380 uersu·
908 4329 1012 4406 senuna
1027 4328 1160 4389 nutriunt,
1174 4328 1208 4383 Et
1224 4327 1274 4405 boc
1289 4334 1347 4392 est,
1360 4326 1431 4399 quod
1447 4324 1570 4401 superins
1583 4321 1700 4379 insinuat

155 4423 279 4494 nseipsis,
291 4423 380 4494 primo
395 4422 568 4486 convincere,
585 4434 618 4476 ac
638 4419 734 4475 deinde
753 4418 856 4499 sitnpli·
908 4420 1060 4500 Scriptura,
1074 4419 1118 4474 ubi
1135 4419 1171 4477 ait
1187 4435 1194 4488 ².
1215 4415 1284 4472 Vidit
1299 4417 1379 4488 iqitur
1395 4412 1504 4476 mulier,
1518 4411 1587 4484 quod
1605 4411 1701 4467 boarum

155 4528 186 4569 us
197 4528 226 4570 se
237 4514 263 4569 in
277 4514 384 4582 actione
397 4520 424 4566 et
438 4511 616 4582 intelligentia
629 4511 762 4576 ildelibus,
782 4523 816 4563 ne
829 4516 857 4563 ct
907 4516 971 4563 earet
985 4506 1084 4579 iiqrrurn
1096 4507 1130 4560 od
1144 4507 1308 4571 uescendum,
1321 4513 1345 4581 et
1358 4502 1496 4574 pulchrum
1512 4500 1606 4583 oculis,
1623 4515 1699 4570 nspe-

155 4606 233 4661 isdem
247 4606 399 4676 deceptoris
418 4605 524 4660 insidiis
537 4605 688 4676 capiantur,
704 4604 855 4676 propalare.
872 4571 1001 4672 ¹letoque
1020 4598 1186 4663 delectabile,
1206 4608 1230 4659 et
1248 4596 1307 4651 tulit
1326 4595 1369 4674 dc
1378 4593 1467 4664 [ructu
1486 4590 1557 4646 iliius
1578 4590 1600 4622 ¹¹
1616 4599 1640 4643 et
1659 4605 1700 4642 co-

156 4695 321 4752 iruidicieris
332 4696 455 4751 calcaneo
467 4696 534 4766 ejus.
546 4695 709 4752 calcaneum
723 4695 857 4768 maberie,
908 4695 997 4761 medii,
1012 4693 1135 4765 deditque
1148 4693 1202 4748 niro
1213 4708 1261 4757 ruo
1273 4704 1282 4742 .·
1295 4688 1433 4744 mulierem
1448 4684 1572 4754 uidelicet
1586 4681 1709 4764 figurate

155 4795 188 4843 est
198 4787 425 4855 abincrmerum
437 4788 603 4844 sensibilium
614 4788 773 4858 phantasiae
783 4795 856 4853 sttui,
910 4785 1072 4841 citeriorem
1095 4768 1205 4837 'sensum
1231 4778 1386 4850 appellans,
1416 4791 1506 4851 rerunt
1533 4772 1699 4847 sensibilium

155 4892 172 4938 ιι
186 4883 333 4953 imagines,
349 4899 420 4954 quiae
434 4883 467 4937 de
484 4880 669 4952 corporalibus
691 4880 810 4934 numeris
830 4879 856 4936 in
911 4877 1061 4951 phantasiis
1078 4875 1238 4937 delectatum
1259 4881 1340 4944 atque
1360 4872 1516 4940 deceptura,
1538 4866 1588 4921 riri
1610 4873 1700 4920 autem

155 4975 282 5045 nepertito
307 4990 386 5032 scnsn
401 4973 599 5044 exprimuntur.
616 4971 654 5026 ilc
670 4986 719 5042 per
735 4971 786 5026 hoc
802 4969 858 5024 cai·
911 4975 1090 5048 appellatione
1104 4972 1223 5027 animum
1240 4968 1412 5040 significans,
1430 4965 1475 5036 qui
1496 4961 1585 5019 sensui
1603 4976 1710 5039 corpor

155 5066 255 5124 11111111ιί
269 5069 518 5140 nitiuqtteperliittm
534 5080 594 5121 esse
622 5079 732 5119 neeesse
744 5072 795 5119 esi·
811 5063 857 5118 Di·
911 5086 958 5128 reo
979 5069 1071 5135 illicite
1090 5063 1270 5135 consentiens¹
1283 5059 1480 5131 corrumpitur,
1500 5058 1551 5112 boc
1568 5063 1626 5129 est,
1640 5069 1701 5111 con-

154 5161 250 5216 renim
266 5162 294 5217 in
310 5163 428 5233 quinque
443 5160 584 5217 notissima
598 5158 729 5213 sentiendi
743 5173 856 5228 organa,
911 5160 1085 5231 templatione
1100 5157 1211 5214 intimae
1224 5153 1346 5209 ueritatis
1361 5158 1528 5230 segregatur.

163 5254 233 5322 dico,
251 5256 386 5322 auditum,
400 5253 541 5318 ollaetnm,
557 5258 673 5325 qustum,
691 5257 857 5323 tactumque.
946 5251 991 5316 25.
1009 5248 1115 5307 iiuiirri
1134 5262 1236 5318 qnoque
1254 5244 1320 5300 dicit
1341 5239 1545 5311 :linitipiieqbo
1561 5249 1700 5291 ceruntnoa

706 5397 836 5456 inuiti}
854 5387 1056 5450 Lucrtoutis.

155 5534 188 5581 tat
202 5540 258 5581 ont.
274 5521 329 5578 CF.
375 5520 449 5575 ¹Sic
470 5518 529 5582 CF;
548 5517 570 5572 d
592 5514 692 5585 nunciis
712 5513 786 5595 eius..
836 5505 973 5593 'Sic-M
994 5502 1107 5628 (Ilissi.
1158 5496 1291 5582 ‘'Siciss
1316 5494 1339 5549 Α
1363 5492 1493 5577 mulieres.
1513 5487 1698 5592 c,m{‘.²[‘'''‘¹3¹·

158 5595 370 5660 CF;Aseurrts.
418 5588 566 5650 ‘suom
593 5572 1036 5654 tempnuntnimmndtnn
1057 5580 1087 5626 tt.
1138 5566 1283 5634 'sicem
1307 5566 1501 5630 Adtrrerpens.
1571 5561 1616 5611 bu>
1636 5556 1698 5616 di,

155 5668 234 5722 ¹ectio
271 5661 514 5734 ’,ιιιιὶιιιιιιιιιιι1ιο
552 5659 572 5690 ¹¹
588 5656 630 5712 CF
645 5656 808 5735 istarumque..
834 5651 854 5688 ¹¹
871 5642 1064 5732 81ρο1ὴ11ιι
1079 5656 1216 5726 orqcpuru.
1256 5640 1277 5670 ¹¹
1292 5634 1526 5713 SicCF;A‹prrae
1535 5629 1641 5734 ¹proprie
1654 5625 1700 5752 ipis

155 5736 348 5864 ,1111111κοιῆἰῖ
346 5732 445 5859 (trapi
454 5720 540 5822 iectu.
578 5716 1010 5798 ¹⁴Sicci';tidtsputettomirtr.
1049 5707 1446 5770 ”ιιιι1ιιιιιιιι1ιιιιιιιιιιιοιιι.
1463 5702 1496 5758 d.
1577 5697 1662 5755 bloi}
1690 5738 1698 5767 ,
