3984 6534
82 476 1706 522 wm-

517 648 1241 817 PROOEMIUM.

880 948 912 1026 Ι·
1070 974 1073 978 ,

622 1149 868 1213 uulrloltls
897 1148 1164 1214 CONSlLthl.

121 1346 135 1421 5
156 1345 185 1406 l.
202 1340 366 1416 Quaenam
381 1337 585 1421 potissimum
600 1353 696 1402 causa
713 1337 751 1402 ad
773 1337 905 1402 ioannis
928 1336 1013 1402 scoti
1031 1337 1174 1418 theologi
1188 1335 1298 1410 ,libres
1321 1335 1520 1416 colligandos
1535 1355 1571 1402 ac
1584 1356 1705 1420 perpo-

78 1474 206 1539 liendos
222 1490 275 1537 me
287 1472 464 1554 impulerit,
480 1471 508 1535 si
523 1471 665 1552 quaeris,
682 1469 783 1535 lector
796 1469 964 1546 benevola,
980 1486 1020 1534 en
1039 1468 1149 1552 paucis
1166 1468 1223 1531 tibi
1238 1467 1366 1532 consilii
1383 1468 1449 1530 mei
1461 1469 1617 1532 rationem
1632 1487 1707 1551 ape·

78 1604 172 1667 riam.
191 1604 316 1668 Etenim
330 1611 404 1667 aute
418 1603 478 1667 hos
495 1602 562 1667 lere
577 1601 730 1665 tredecim
750 1618 864 1679 annos,
879 1619 981 1682 quum
999 1600 1253 1680 theologicarum
1270 1618 1305 1664 ac
1323 1598 1619 1680 philosophicarum
1634 1599 1707 1664 lite-

78 1752 186 1801 rarum
201 1736 290 1801 rudis
303 1736 372 1800 lere
387 1752 423 1798 ac
438 1733 607 1813 imperitus
622 1733 657 1794 in
669 1731 757 1796 illius
771 1732 905 1796 loannis
921 1731 1021 1797 libros
1034 1731 1235 1810 incidissem,
1247 1731 1344 1814 hujus
1360 1733 1524 1814 scriptoris
1537 1732 1646 1797 seculo
1657 1733 1704 1794 lx

77 1867 217 1932 viventis
230 1867 316 1933 baud
332 1885 443 1948 parum
463 1885 515 1930 me
532 1865 672 1931 movisse
696 1864 875 1945 speciosam
894 1882 930 1928 ac
946 1882 1050 1946 paene
1067 1865 1265 1946 singularem
1288 1864 1474 1946 disputandi
1494 1867 1703 1930 subtilitatem

78 1997 247 2061 confiteor.
261 1998 326 2061 Ncc
341 2005 444 2060 lamen
462 2013 527 2059 nou
544 2013 596 2060 me
609 1995 744 2060 offendit
761 1994 974 2077 quorumdam
996 2013 1035 2059 er
1063 1995 1260 2060 nostratibus
1284 1996 1457 2072 temeritas,
1483 1994 1706 2059 extollentium

75 2143 114 2189 ac
129 2126 380 2206 praedicantium
396 2124 466 2205 ejus
486 2123 998 2207 philosophicastheologicosque
1025 2125 1177 2199 theorias,
1203 2127 1322 2207 quippe
1339 2144 1412 2191 cum
1430 2127 1499 2208 eJus
1516 2126 1706 2205 primarium

74 2272 170 2336 opus,
189 2254 274 2336 quod
291 2277 307 2313 a
324 2253 365 2316 dc
386 2251 549 2317 divisione
564 2255 700 2318 Naturae
725 2278 741 2314 »
769 2255 968 2332 inscribitur,
984 2255 1023 2318 ab
1038 2255 1184 2318 Honorio
1205 2256 1240 2317 P.
1256 2254 1312 2318 lll.
1338 2253 1405 2334 igni
1429 2253 1657 2333 adjudicatum,
1674 2260 1707 2318 et

75 2384 231 2450 antefero
247 2383 404 2449 ducentos
425 2399 526 2446 annos
547 2400 646 2463 quum
662 2384 821 2465 inhnglia
836 2385 921 2466 typis
932 2392 1017 2451 esset
1034 2403 1235 2466 expressum,
1251 2386 1284 2447 in
1301 2385 1443 2449 indicem
1459 2384 1616 2448 librorum
1631 2401 1705 2465 pro·

76 2512 251 2577 bibiturum
276 2514 412 2577 relatum
432 2531 502 2578 csse
519 2514 605 2577 inter
626 2531 739 2578 omnes
754 2520 888 2578 constet.
905 2517 1011 2597 Atque
1024 2515 1091 2595 jam
1118 2524 1187 2580 tum
1206 2515 1287 2579 mihi
1304 2533 1545 2598 proposueram,
1571 2524 1602 2581 et
1626 2518 1705 2599 quid

75 2645 217 2709 loannes
231 2646 342 2709 Scotus
358 2642 484 2723 seriptis
499 2643 567 2706 suis
585 2643 765 2723 profecerit,
780 2650 811 2707 et
828 2644 863 2706 in
881 2644 1002 2726 quibus
1020 2645 1099 2709 locis
1111 2647 1275 2725 erraverit,
1292 2648 1482 2728 diligentius
1495 2650 1658 2731 indagare,
1672 2659 1705 2717 et

75 2782 248 2864 aliqnando
258 2783 347 2864 justa
364 2781 444 2844 libra
461 2788 636 2862 utrumque
651 2797 842 2859 expensum,
855 2780 891 2842 in
906 2781 1063 2845 honorem
1078 2798 1114 2845 ac
1126 2781 1267 2846 fructum
1281 2788 1409 2846 sanctae
1423 2778 1585 2844 Ecclesiae
1601 2797 1704 2859 expo-

75 2933 164 2980 nere.
179 2917 248 2980 Non
273 2917 316 2978 ita
334 2915 435 2978 multo
452 2920 524 2995 post
546 2913 582 2975 in
606 2912 723 2976 itinere
750 2911 904 2987 liverarlo,
929 2912 1016 2993 quod
1034 2929 1090 2990 per
1113 2911 1329 2986 Germaniam,
1354 2911 1545 2988 Helvetium,
1565 2910 1702 2987 ltaliam,

75 3043 222 3123 Belgium
237 3043 457 3118 instituebam,
473 3041 599 3106 occasio
617 3041 697 3104 mihi
716 3040 821 3104 oblata
846 3046 925 3116 erat,
944 3040 1029 3102 inter
1042 3046 1159 3115 cetera,
1175 3040 1209 3101 in
1233 3057 1316 3120 quae
1338 3040 1579 3117 incumbebam,
1596 3041 1702 3106 studia

76 3174 198 3247 critica,
214 3180 244 3235 et
260 3189 298 3235 ex
316 3173 448 3234 loannis
463 3172 546 3236 Secti
564 3171 653 3234 libris
667 3171 799 3252 quinam
814 3179 1021 3250 superessent
1035 3171 1069 3233 in
1086 3168 1292 3234 bibliothecis
1310 3169 1551 3246 delitescentes,
1568 3169 1703 3233 iuvesti-

75 3303 182 3382 gundi,
195 3308 226 3367 at
236 3303 393 3385 quidquid
411 3303 613 3383 reperissem,
624 3301 664 3365 ad
679 3300 973 3382 pleniusjudicium
987 3302 1027 3365 de
1041 3301 1113 3381 ipso
1128 3299 1297 3366 serendum
1310 3301 1344 3364 in
1356 3301 1461 3366 lucem
1478 3301 1697 3381 protrahendi.

76 3436 111 3496 lu
126 3451 223 3516 qnam
241 3450 308 3495 rem
321 3433 395 3496 licet
410 3429 1057 3512 plurimasbibliothecasperlustrassem,
1077 3437 1184 3494 tamen
1201 3430 1356 3493 librorum
1369 3431 1473 3511 ipsius
1484 3431 1610 3496 cedices
1621 3452 1699 3498 mss.
1719 3402 1723 3409 Ι

73 3563 157 3626 haud
172 3563 216 3627 ita
234 3562 354 3626 multos
380 3562 520 3643 reperire
534 3561 624 3641 ,mihi
650 3559 795 3640 contigit.
818 3560 864 3622 Ex
880 3559 931 3622 his
949 3559 1114 3623 codicibus
1133 3576 1216 3641 quae
1235 3559 1392 3640 descripsi
1410 3559 1588 3641 fragmenta
1614 3566 1701 3629 haud
1749 3650 1757 3671 ἢ

72 3713 151 3760 sane
170 3697 361 3778 spernenda,
378 3715 463 3762 nunc
478 3698 617 3778 primum
644 3717 659 3761 a
676 3696 772 3787 rrebis
797 3696 829 3759 in
848 3697 953 3760 lucem
969 3698 1170 3760 emittuntur.
1187 3698 1335 3778 Denique
1360 3695 1472 3778 majori
1496 3714 1570 3761 cum
1594 3695 1702 3760 lructu

73 3844 176 3907 nuper
189 3828 416 3894 bibliothecam
431 3830 562 3910 Regiam
578 3829 792 3893 Parisieusem
810 3828 886 3893 adii.
904 3829 963 3890 Ubi
983 3846 1084 3929 quum
1110 3828 1218 3908 plures
1233 3829 1359 3892 codices
1385 3829 1539 3892 librorum
1561 3831 1698 3893 Joauuis

74 3961 160 4025 Scoti
176 3963 386 4039 invenissem,
403 3978 459 4025 eos
477 3978 608 4043 quoque
624 3963 658 4024 in
673 3978 752 4024 usus
767 3977 858 4024 meos
873 3960 1106 4023 convertendos
1125 3976 1195 4023 esse
1210 3960 1331 4040 putavi.
1350 3960 1400 4024 ad
1414 3977 1527 4025 eorum
1544 3960 1643 4040 igitur
1660 3960 1700 4022 fi-

75 4091 151 4153 dem
172 4097 202 4153 et
222 4112 237 4147 a
255 4091 295 4153 de
308 4090 601 4154 Praedestinaticne
617 4112 633 4148 a
650 4096 680 4153 et
697 4112 712 4148 α
728 4089 768 4152 de
785 4088 946 4151 divisione
970 4088 1105 4150 Naturae
1125 4085 1257 4149 »libros
1280 4087 1452 4165 diligenter
1470 4089 1609 4153 excussi.
1635 4089 1700 4152 Co-

73 4218 177 4280 dicem
196 4234 327 4297 queque
343 4218 591 4282 Laudunensem
605 4218 686 4280 milri
699 4216 875 4281 liberaliter
887 4216 1027 4280 Parisios
1041 4217 1278 4294 transmissum,
1299 4218 1386 4283 haud
1403 4221 1474 4283 sine
1488 4220 1597 4284 fructu
1625 4238 1699 4285 exa·

73 4349 206 4411 minavi.
221 4347 314 4423 Quod
333 4363 408 4409 vero
421 4332 582 4451 integ‘rlvim
599 4347 683 4408 Scoti
701 4362 846 4424 operum,
866 4361 948 4422 quae
974 4353 1160 4424 supersunt,
1191 4348 1378 4424 editionem,
1406 4366 1473 4412 non
1498 4352 1619 4414 omisso
1639 4371 1699 4416 su-

69 4492 198 4564 spectae
212 4483 287 4547 fidei
303 4483 386 4546 libro
401 4481 441 4543 de
457 4480 636 4560 principiis,
653 4495 750 4561 quem
769 4501 784 4536 «
800 4478 840 4541 de
855 4476 1017 4542 divisione
1038 4479 1174 4540 Naturae
1191 4497 1205 4534 u
1224 4474 1400 4556 inscripsit,
1413 4477 1697 4560 huicPatrologiae

67 4616 279 4687 inseruimus,
297 4611 382 4676 haud
394 4611 486 4675 lacila
503 4627 698 4691 quemquam
718 4611 908 4673 miraturum
922 4609 1085 4684 existimo,
1097 4610 1155 4689 qui
1167 4610 1373 4689 reputaverit,
1389 4610 1695 4675 omninatoannen

69 4745 197 4806 Scotum
214 4760 285 4805 cum
304 4739 501 4804 acutissimis
516 4738 584 4801 suis
604 4738 930 4819 profundissimaque
945 4736 1240 4818 disputationibus,
1262 4759 1397 4822 quarum
1424 4748 1455 4805 at
1476 4741 1546 4821 ipse
1571 4761 1610 4806 ex
1628 4745 1696 4807 Pla·

70 4881 146 4935 tone
162 4872 397 4951 Aristoteleque
412 4867 497 4931 haud
512 4885 582 4931 raro
597 4874 784 4946 argumenta
799 4868 922 4949 petivit,
940 4886 1039 4934 sensu
1063 4873 1203 4956 quodam
1228 4873 1332 4936 latiori
1348 4874 1573 4953 scholasticae,
1599 4897 1695 4958 quam

68 5002 191 5079 dicunt,
208 5001 403 5080 Theologiae
422 5002 679 5082 praeambulum,
696 5008 763 5065 tum
778 5003 927 5068 versione
941 5023 998 5068 sua
1016 5022 1150 5085 opernm
1170 5006 1461 5087 Pscutlo-llioupsii
1475 5011 1712 5092 Areopagitae,

68 5135 202 5216 suisque
226 5150 337 5198 eorum
357 5132 624 5213 expositionibus,
643 5133 822 5213 ceterisque
846 5134 915 5198 suis
931 5136 1042 5198 crebro
1060 5134 1244 5214 allegoricis
1262 5134 1407 5210 theoriis,
1425 5139 1579 5217 mysticae
1598 5158 1695 5219 quam

67 5263 182 5321 vocant
200 5255 376 5332 theologiae
391 5259 542 5336 tanquam
559 5274 798 5337 praecursorem
814 5258 900 5322 haud
917 5260 1078 5323 immerito
1096 5277 1114 5322 a
1130 5259 1208 5321 viris
1234 5258 1337 5323 doctis
1361 5259 1509 5340 judicari.
1533 5261 1695 5340 Imprimis

67 5405 146 5453 vero
160 5387 292 5449 loannis
308 5384 392 5445 Secti
407 5384 555 5447 versione
574 5401 719 5465 operum,
738 5404 821 5465 quac
845 5388 952 5451 subs.
973 5390 1122 5470 Dionysii
1139 5390 1351 5471 Areopagitae
1379 5390 1510 5452 nominc
1535 5388 1695 5469 feruntur,

66 5519 239 5584 utebantur
252 5515 352 5580 modii
365 5516 434 5578 aevi
453 5515 693 5595 Tlacologi.Qui
714 5518 867 5599 queniam
890 5538 1034 5600 graecam
1049 5522 1193 5603 linguam
1219 5523 1283 5602 ipsi
1308 5540 1373 5588 uon
1390 5518 1557 5596 callebant,
1583 5522 1696 5603 libros,

65 5662 204 5727 quorum
223 5649 384 5708 auctorem
399 5647 430 5708 S.
445 5647 636 5726 Dionysium
666 5652 887 5730 Areopagitam
912 5658 946 5714 ut
975 5655 1100 5717 Patrem
1118 5652 1329 5734 apostolicum
1361 5650 1507 5713 colebant
1531 5652 1569 5714 ad
1595 5672 1696 5716 uirum

65 5784 191 5842 omnes,
210 5764 251 5829 ab
265 5765 385 5826 toaoua
403 5766 492 5829 Scoto
511 5766 609 5829 latiue
633 5784 804 5834 conversus
829 5773 989 5853 legebant,
1006 5791 1141 5855 eamque
1162 5771 1344 5835 versionem
1364 5773 1604 5835 eoninverrluriis
1628 5773 1697 5835 suis

207 5894 329 5952 Psaros.
348 5898 445 5956 (tltlltl.
1467 5923 1486 5963 tt
