3984 6534
184 373 237 432 rso
876 361 1019 419 totuuts
1038 326 1137 418 scort
1784 356 1814 412 et

184 499 243 545 tuos
266 496 291 543 et
309 496 447 559 conceptos
466 495 546 550 tuor,·
570 485 599 539 in
621 481 709 538 labore
731 482 817 554 paries
832 479 913 551 filios.
929 480 1160 544 UbiAEtalibi:
1184 479 1359 538 Vidcoulium
1378 480 1510 553 tegentia
1531 477 1666 534 membris
1692 478 1818 544 mcirrcpr·
1856 550 1858 555 Ι

184 587 280 650 aperte
297 579 378 635 datur
390 577 514 649 intelligi,
529 575 612 647 quod,
637 574 659 631 si
673 575 755 630 hotno
776 590 828 629 non
842 583 979 646 peccaret,
1030 585 1152 644 quantem
1168 576 1219 648 legi
1238 577 1330 631 mentis
1346 593 1429 642 meuc,
1446 585 1474 631 et
1489 575 1678 646 captivantem
1702 574 1821 646 maitiae

185 680 239 723 non
252 666 338 722 solunt
354 666 476 721 interiori
489 665 639 730 intellectu,
650 680 743 720 terum
754 664 838 720 etiam
851 664 980 722 exteriori
1030 666 1139 733 peccati.
1160 665 1351 722 Animadverte
1364 665 1513 722 dissidium
1531 663 1609 735 legis
1628 663 1727 718 mentis
1740 672 1764 718 ct
1774 663 1821 735 leg's

185 773 267 815 sensu
280 765 391 813 naturas
414 771 506 812 rerum
528 765 556 812 et
576 758 695 813 rationes
719 772 824 813 somma
839 757 980 824 facilitate,
1031 757 1263 832 carnalissensus,
1277 770 1346 830 quae
1363 758 1528 814 dominatur
1546 756 1578 810 in
1598 756 1733 811 membris
1751 772 1821 813 carta

184 851 257 907 omni
274 849 489 904 ratiocinationis
500 848 663 905 necessitate
674 848 822 915 absolutus,
837 849 982 921 purissime
1030 849 1093 906 liter
1115 851 1273 919 viventium,
1289 858 1422 923 repugnat
1439 849 1595 906 mentibus
1619 848 1786 919 spiritualiter
1800 851 1819 907 ir

185 941 422 1011 contemplaretur.
438 939 584 1011 Postquam
596 957 661 996 uero
674 942 806 1013 peccarit,
818 958 868 1012 per
878 957 979 1015 organa
1030 941 1189 998 mortalibus
1199 943 1328 998 membris
1340 943 1373 997 ad
1385 941 1634 998 exercitationem
1646 941 1755 1008 virtutis.
1767 943 1818 998 ideo

185 1031 328 1087 exterioris
340 1045 438 1085 sensus
451 1044 504 1086 non
518 1031 568 1087 nisi
582 1031 654 1087 solas
677 1031 845 1088 sensibilium
868 1031 983 1104 superil-
1031 1046 1084 1104 que
1104 1032 1146 1088 lex
1162 1033 1277 1104 peccati,
1292 1032 1318 1087 id
1338 1042 1390 1100 est,
1403 1016 1533 1088 carnalis
1552 1046 1660 1087 sensus
1677 1032 1712 1087 ab
1723 1031 1816 1102 hptsoh

186 1125 251 1188 cies,
267 1132 296 1180 ει
318 1124 492 1195 qttantitates,
508 1132 535 1179 et
545 1124 702 1195 qualitates,
724 1125 792 1181 situs
813 1141 931 1198 quoque,
953 1134 982 1183 et
1030 1124 1187 1180 nominatus
1200 1135 1251 1180 est.
1269 1122 1322 1178 Sed
1337 1124 1389 1179 huc
1403 1122 1560 1179 dissidium
1575 1122 1769 1194 divortiumque
1777 1125 1816 1178 tti-

185 1218 369 1284 habitudines,
394 1227 553 1288 ceteraque,
571 1233 642 1289 quac
655 1233 785 1290 corporeo
809 1220 900 1275 sensui
920 1234 983 1277 soc-
1031 1215 1068 1270 mi
1092 1225 1120 1270 et
1144 1230 1248 1282 sensus,
1267 1216 1374 1295 quaudo
1398 1213 1622 1269 restaurabitur
1649 1221 1734 1268 natura
1752 1214 1815 1268 etad

139 1333 143 1340 ·
184 1312 327 1376 cumbunt,
343 1311 451 1366 animus
470 1311 594 1382 percipit.
611 1313 645 1368 Et
663 1313 836 1369 haecomnia
858 1329 912 1370 non
933 1329 982 1385 per
1031 1295 1182 1367 naturalem
1194 1309 1316 1365 ordinem
1330 1307 1522 1374 revocabitur,
1540 1308 1573 1362 in
1593 1322 1686 1378 pacem
1696 1307 1814 1378 mutuatis

173 1403 274 1473 ‘seipsa
298 1401 320 1467 ¹,
343 1401 390 1455 scd
414 1414 463 1472 per
479 1414 573 1457 eorum
594 1402 752 1472 phantasias
776 1402 896 1474 attingit,
914 1418 981 1473 quas
1031 1401 1215 1471 naturalisque
1233 1399 1348 1472 coniugii
1361 1401 1372 1432 ⁹
1384 1408 1526 1466 vertetur,
1542 1399 1660 1470 quando
1670 1414 1747 1470 comto
1758 1416 1811 1453 sen·

185 1509 277 1549 secum
294 1501 413 1548 tractans
439 1507 518 1548 suum
529 1490 659 1560 judicium
672 1493 829 1564 saepissime
845 1492 946 1548 lallitur
958 1493 980 1561 ¹,
1031 1495 1083 1558 sui,
1097 1507 1192 1550 sensus
1202 1493 1303 1559 animo,
1315 1494 1422 1548 animus
1433 1493 1496 1549 Deo
1518 1491 1659 1548 subditos
1670 1499 1695 1549 ct
1711 1491 1810 1547 ohelhm

185 1602 216 1640 ac
228 1600 277 1656 per
299 1585 351 1639 hoc
371 1598 426 1638 non
443 1582 501 1638 siue
521 1580 715 1654 multiplicibus
738 1584 888 1639 studiorum
906 1583 982 1640 labo·
1032 1589 1093 1644 erit.
1119 1587 1177 1644 lloo
1202 1588 1283 1642 etiam
1307 1586 1427 1659 apertius
1452 1587 1544 1642 dator
1570 1583 1813 1655 schismaticis

185 1680 270 1743 tiluts,
290 1690 359 1747 qnos
378 1689 524 1730 aerumnas
546 1674 667 1731 mulieris
681 1675 822 1748 Scriptura
847 1676 979 1745 nominat,
1033 1678 1209 1751 septuaginta
1233 1679 1378 1735 editionem
1405 1678 1617 1734 intendamus:
1646 1675 1681 1732 bt
1705 1675 1735 1730 ad
1754 1676 1813 1729 dnn

185 1770 217 1823 ad
240 1767 403 1838 multiplices
426 1775 582 1839 conceptus,
604 1769 630 1824 itl
654 1777 706 1836 est,
731 1769 764 1824 ad
795 1769 981 1826 inchoationes
1033 1780 1108 1825 taum
1123 1770 1254 1827 cormesio
1278 1770 1438 1840 tumetipse
1463 1770 1507 1824 tui
1530 1765 1814 1833 dominabitur.Qtihts

185 1858 393 1930 intelligibilium
408 1875 498 1915 rerum
514 1859 720 1930 intelligentiae,
741 1868 821 1931 atque
836 1860 916 1927 itlius,
929 1860 981 1916 hoc
994 1870 1019 1932 Β
1031 1859 1123 1916 verbis
1138 1860 1306 1930 apertissime
1329 1859 1493 1930 intelligitur
1508 1859 1628 1917 reditus
1650 1859 1770 1915 humanat
1781 1872 1814 1910 ta

184 1960 225 2005 est
249 1958 337 2006 rectas
355 1951 484 2017 tationes,
509 1952 543 2007 de
570 1961 666 2008 natura
686 1969 776 2020 rerum
798 1953 981 2024 procreandos
1033 1959 1110 2008 turae
1125 1953 1153 2007 in
1167 1941 1458 2024 pristinutnordinem.

184 2042 361 2110 pereundam
377 2056 487 2098 sensnm
499 2051 589 2113 potest
603 2045 753 2115 pervenire.
769 2044 916 2116 Propterea
932 2059 980 2099 au·
1065 2042 1113 2098 26.
1127 2042 1203 2109 Quod
1226 2051 1316 2097 autem
1331 2042 1390 2098 viro
1413 2043 1523 2098 dictum
1540 2053 1607 2098 est:
1626 2041 1814 2097 Maledictum

151 2156 158 2166 .
186 2138 239 2186 tem
262 2148 425 2202 aerumnas,
448 2142 476 2188 et
498 2143 663 2206 conceptus,
698 2135 821 2207 illiosqtte
849 2135 979 2191 exteriori
1032 2131 1059 2188 in
1077 2148 1153 2204 opere
1167 2141 1224 2199 tcto,
1247 2140 1274 2188 et
1288 2141 1394 2197 cetera,
1410 2146 1487 2202 quae
1502 2133 1559 2189 sub
1576 2130 1816 2188 formamalediobt

184 2225 273 2280 sensui
300 2225 390 2281 diuina
419 2226 531 2298 deputat
553 2228 714 2292 auctoritas,
747 2229 875 2299 quoniam
897 2243 979 2285 omne
1031 2224 1213 2280 nisiidootttt·
1232 2237 1293 2279 esse
1313 2221 1609 2292 sorip1o‚n0nsooi¹e
1636 2230 1741 2295 potent,
1758 2219 1816 2292 ιώ

148 2380 155 2391 ,
183 2319 301 2374 studium
315 2319 474 2388 sapientiae,
487 2319 630 2391 omnisque
648 2320 912 2390 mentisioouceptio,
926 2334 978 2390 pu·
1032 2313 1068 2367 sil
1082 2311 1127 2369 5¹¹³
1138 2321 1220 2378 lorii,
1235 2312 1278 2368 01¹1
1300 2312 1398 2368 merito
1421 2309 1817 2382 lil³0V3150²¹²3⁰¹¹3⁵²⁰5mhdl

183 2428 266 2481 raqtte
286 2413 409 2467 ueritatis
423 2412 541 2481 cognitio
565 2427 581 2466 a
605 2412 728 2468 sensibus
741 2411 864 2482 corporis
886 2411 978 2482 auspi·
1031 2412 1074 2460 est
1087 2405 1273 2460 tirhumanae
1296 2413 1420 2471 naturae,
1445 2405 1648 2474 maledicitur,
1665 2413 1693 2462 et
1718 2404 1817 2477 quibit

182 2502 253 2556 oium
277 2511 397 2568 sumunt,
416 2503 451 2557 ab
472 2500 692 2558 interioribusue
715 2503 865 2574 superiora,
881 2512 908 2560 ει
921 2503 979 2561 ab⁸
1031 2498 1075 2554 illa
1086 2498 1250 2566 maledictio,
1269 2509 1359 2555 utrum
1381 2500 1592 2572 indignationis
1602 2501 1783 2564 severtium,
1796 2514 1817 2552 n

181 2594 361 2653 exterioribus
384 2596 417 2649 ad
444 2594 571 2650 interiora
598 2597 702 2652 rationo
724 2598 858 2669 gradatim
884 2613 978 2654 ascen·
1032 2590 1816 2664 quoidammysilcwbissrssofihssicut¹10¹!ipseaoioth

181 2685 272 2740 deute.
289 2681 323 2736 Ει
343 2684 389 2739 snb
407 2684 456 2740 oiri
464 2693 589 2756 potestate
607 2685 668 2749 cria,
689 2698 714 2741 ct
724 2688 780 2757 ipre
799 2688 979 2744 dominabitur
1031 2682 1077 2764 qul
1102 2696 1196 2738 vocem
1222 2681 1344 2738 mulieris
1368 2683 1497 2750 audiero,
1528 2686 1711 2756 vetitumque
1731 2685 1816 2740 ittet!

182 2776 232 2831 tui.
248 2773 277 2829 lu
297 2774 422 2833 hocloco
439 2775 570 2830 naturalis
589 2776 692 2833 ordinis
715 2778 849 2834 itomanae
865 2786 978 2835 naturae
1030 2773 1176 2830 comedens
1190 2774 1323 2843 peccavit,
1342 2773 1524 2830 maledictum
1541 2777 1695 2844 sustinuit,
1710 2773 1817 2846 uincti·

181 2867 316 2924 restitutio
339 2868 430 2925 divina
450 2883 516 2924 tuce
541 2869 720 2939 promittitur,
744 2870 813 2926 etin
836 2871 977 2943 antiquum
1029 2864 1081 2922 bus
1102 2864 1242 2922 laboribus
1266 2866 1384 2923 conrodit
1404 2866 1592 2924 maledictam
1619 2879 1734 2935 terram,
1751 2866 1815 2939 dili

182 2967 282 3016 statttm
292 2961 454 3017 conditionis
468 2962 598 3018 reversio.
613 2961 686 3018 Ordo
700 2961 832 3034 siquidem
846 2964 978 3021 naturalis
1030 2967 1093 3014 sunt
1107 2956 1165 3013 dies
1188 2958 1259 3013 uitae
1272 2957 1366 3026 animi.
1386 2958 1543 3029 qualesque
1570 2961 1673 3032 soloas
1693 2971 1721 3018 el
1733 2959 1816 3016 iubilo

182 3062 268 3120 esset,
293 3053 315 3108 si
340 3055 446 3110 animus
472 3054 513 3110 sui
541 3053 678 3110 Creatoris
705 3055 831 3125 potestati
857 3055 980 3113 subditus
1030 3049 1247 3120 germineilerro
1263 3047 1353 3112 ΜΝ,
1370 3064 1497 3121 quosque
1518 3051 1632 3108 ltotltos
1648 3052 1705 3125 eius
1716 3050 1816 3111 oomofflt

184 3151 265 3212 atque
278 3143 408 3201 obediens
421 3158 528 3216 semper
541 3146 567 3201 ei
587 3145 599 3178 ⁸
612 3146 787 3203 adhaereret:
808 3146 905 3202 deinde
917 3161 978 3203 sen·
1031 3140 1091 3211 ‘tols
1102 3141 1195 3205 sodor.
1208 3140 1269 3210 (luis
1283 3139 1383 3206 lolius,
1399 3138 1491 3210 qualis
1510 3143 1627 3200 reditus
1653 3142 1761 3199 auioit'tt
1773 3150 1818 3196 ter·

184 3249 231 3289 sus
243 3242 404 3305 potestatem
419 3245 567 3305 nutumque
587 3237 670 3292 animi
681 3236 798 3294 libenter
807 3245 978 3308 tracteretur,
992 3216 1100 3298 (slim,
1114 3232 1148 3287 (¹0
1162 3238 1414 3301 constuprasse,
1427 3229 1492 3300 ‘luis
1510 3232 1623 3302 bullis·
1633 3232 1698 3289 ΒΜ
1706 3229 1785 3287 ⁰⁰³5²
1795 3227 1816 3283 ⁶5

184 3338 284 3394 corpus
304 3331 395 3379 nutem
413 3325 503 3380 sensui
520 3328 719 3383 succumberet.
735 3326 780 3385 Sic
800 3343 917 3400 namque
927 3345 980 3400 pax
1031 3321 1179 3379 secuudum
1190 3321 1344 3389 historiam,
1362 3321 1414 3378 hoc
1427 3328 1482 3386 εει,
1499 3326 1661 3382 secundum
1673 3334 1817 3380 remutet·

183 3424 212 3471 et
235 3414 377 3470 harmonia
402 3414 487 3486 ipsius
505 3422 647 3471 creaturae
671 3424 699 3472 et
717 3418 745 3473 in
761 3420 849 3488 seipsa
872 3429 979 3478 etcum
1031 3417 1160 3483 sibilium,
1184 3416 1294 3486 quaein
1308 3417 1360 3471 hae
1375 3429 1406 3471 ac
1420 3414 1442 3447 ¹¹
1463 3416 1502 3472 de
1524 3416 1584 3474 bac
1599 3428 1675 3475 terra
1688 3415 1815 3474 bominibus

183 3504 313 3563 Creatore
330 3520 379 3561 eno
393 3504 479 3561 lieret.
493 3504 554 3560 lant
568 3520 635 3562 vero
650 3514 711 3579 post
734 3509 978 3578 transgressionem
1030 3508 1169 3564 habitabili
1187 3508 1265 3574 stunt,
1286 3507 1462 3578 accipiantur,
1478 3508 1558 3564 sicut
1574 3508 1675 3566 multis
1689 3505 1815 3564 aretinis

183 3601 267 3658 divini
289 3599 409 3655 mandati
431 3598 492 3655 talis
515 3599 592 3666 ordo,
616 3599 650 3654 ad
669 3615 750 3672 qttem
765 3603 978 3659 conservandum
1029 3600 1140 3672 placuit,
1157 3608 1204 3656 aut
1216 3599 1328 3665 nullam,
1344 3607 1390 3654 aut
1403 3599 1578 3657 levissimam
1596 3602 1775 3674 quaestionem
1786 3598 1814 3668 gi-

184 3700 292 3749 creatus
303 3698 345 3747 est
355 3689 448 3756 bomo,
465 3689 578 3762 talisque
589 3705 642 3761 pax
653 3697 682 3745 et
693 3689 783 3747 unitas
796 3689 934 3748 Creatoris
951 3700 979 3748 et
1031 3700 1131 3765 gtutnt;
1141 3691 1289 3747 sinteroin
1303 3691 1485 3761 ipsahumana
1500 3701 1619 3759 natura,
1630 3694 1813 3752 sicutctcctcu.

184 3792 327 3842 creaturae
341 3783 517 3855 perturbatus
530 3793 572 3839 εει
589 3782 600 3815 ¹
614 3797 621 3839 ι
636 3783 717 3839 ltomo
728 3783 861 3856 siquidem
882 3793 981 3855 ,sponte
1030 3802 1100 3858 quae
1110 3788 1144 3843 de
1156 3786 1281 3858 paradiso
1292 3785 1430 3859 praedicta
1444 3796 1524 3853 sunt,
1537 3787 1731 3861 intelligantur
1740 3789 1766 3853 ¹¹,
1776 3799 1813 3840 tu

185 3889 243 3939 sua,
271 3872 346 3929 nulla
373 3872 515 3929 occasione
540 3879 663 3944 cogente,
694 3888 785 3928 rerum
810 3873 978 3934 sensibilium
1029 3892 1112 3948 parra
1123 3878 1245 3948 indigent
1257 3877 1439 3948 indagatione.
1456 3875 1538 3944 Quod
1549 3888 1649 3936 autem
1662 3877 1813 3937 etseouttdtt

150 3965 152 3969 “
186 3982 278 4023 amore
293 3974 451 4051 corruptus,
471 3966 557 4022 Deum
580 3981 658 4022 suom
672 3965 809 4034 descruit;
822 3966 865 4023 cui
880 3969 982 4024 adhae-
1030 3985 1121 4039 retum
1135 3971 1269 4027 laetarum
1285 3971 1482 4041 proprietatem
1503 3972 1812 4044 complantaremur

185 4078 245 4118 rere
259 4060 346 4117 solum
357 4061 457 4117 bonum
471 4068 514 4115 cst
533 4069 644 4117 nostrae
662 4060 856 4118 substitionis⁸
879 4070 906 4118 ει
925 4078 979 4119 non
1029 4063 1216 4137 propheticam
1230 4061 1354 4134 llagitatu
1372 4062 1568 4130 intentionem,
1586 4059 1812 4133 saucotsdonffl

185 4155 268 4212 aliod.
301 4153 417 4226 ideoque
440 4153 512 4210 licus
536 4152 692 4225 superbiam
714 4154 849 4210 humanae
866 4163 981 4211 naturae
1029 4171 1082 4212 nus
1103 4155 1129 4208 iu
1143 4155 1285 4231 undecimo
1301 4154 1426 4212 [isemeri
1455 4156 1498 4210 sui
1520 4164 1647 4214 testatur
1667 4160 1710 4215 his
1729 4154 1810 4211 cerus:

185 4263 314 4321 spernere
335 4246 468 4312 'rolens
494 4247 610 4318 propriis
629 4247 685 4303 suis
700 4246 931 4305 irrationabilibus
946 4248 979 4306 li·
1030 4246 1100 4317 Quia
1117 4246 1216 4302 oudini
1233 4263 1320 4303 uocem
1339 4249 1457 4303 nuntiarit
1475 4256 1551 4316 tuac,
1566 4261 1594 4306 ct
1612 4252 1733 4308 edistitlc
1747 4249 1811 4319 litto

185 4339 302 4412 hitisque
329 4338 447 4395 motibus
472 4336 609 4393 homiuem
635 4336 759 4407 permisit
780 4336 872 4405 abuti,
895 4347 926 4395 ut
951 4340 981 4397 in
1031 4336 1687 4409 teqaopraeceperamttotmeeototononecm,
1701 4335 1811 4394 mitior

185 4432 274 4502 seipso
294 4430 432 4502 probaret,
457 4428 522 4504 quid
540 4428 582 4484 sui
610 4427 765 4484 Conditoris
788 4429 875 4500 gratia
899 4430 981 4487 meri·
1031 4429 1342 4500 terroinoperibnstuis.
1355 4429 1582 4485 lntrittitiiseder
1595 4426 1811 4488 attaminatio

101 4551 109 4568 ·
186 4533 295 4594 tttmque
319 4521 498 4588 obedientiae,
513 4529 541 4578 ει
559 4521 624 4592 quid
646 4520 839 4578 irrationabilis
865 4524 979 4579 τιιοιιιεΙ
1031 4521 1492 4594 uitaetucc:tpinusncl¹³triinlos
1509 4523 1570 4578 edet
1589 4525 1651 4581 tihi.
1667 4519 1811 4587 bimetur
1856 4516 1858 4539 '

184 4615 352 4685 superbaque
373 4612 491 4668 mandati
511 4611 690 4685 transgressio
703 4613 755 4670 sibi
779 4611 924 4670 conferret.
940 4614 980 4671 dc
1032 4632 1095 4670 nuru
1107 4616 1175 4686 agri,
1189 4615 1215 4668 in
1229 4614 1325 4669 sudore
1342 4613 1421 4684 {aciei
1434 4622 1495 4668 tuoe
1508 4613 1573 4669 edes
1584 4633 1684 4684 purtem
1694 4610 1811 4676 tremor

186 4703 301 4773 perthoc
313 4702 396 4760 veluti
409 4704 554 4763 divortium
573 4705 708 4777 quoddam
720 4705 804 4764 maris
822 4715 850 4763 et
862 4705 980 4766 lerninaa
1032 4721 1078 4761 nec
1092 4705 1251 4760 conuerteris
1273 4706 1301 4758 in
1323 4714 1431 4767 terram,
1449 4719 1482 4758 ex
1494 4719 1551 4775 qua
1565 4717 1689 4778 sumptas
1699 4712 1733 4760 εει
1745 4698 1810 4769 :trit

185 4794 380 4860 subsequutum
392 4802 433 4850 εει
446 4795 517 4852 inter
530 4796 650 4854 animum
660 4808 687 4854 et
699 4813 824 4865 sensum;
838 4815 891 4857 non
906 4800 978 4858 enim
1034 4804 1178 4854 terruerat
1192 4796 1219 4850 iu
1230 4805 1325 4850 terrum
1339 4794 1399 4848 itis.
1423 4792 1498 4858 iloc,
1514 4794 1606 4865 inquit
1621 4837 1630 4862 ,
1643 4812 1697 4852 estc
1717 4793 1741 4847 itt
1751 4798 1810 4843 term

186 4878 356 4948 obtemperat
367 4895 462 4938 sensns
475 4898 621 4955 corporeus
631 4886 798 4957 jussionibus
814 4889 894 4945 animi
902 4889 979 4960 juxta
1032 4890 1134 4945 iabores
1147 4891 1255 4944 laetantui
1267 4891 1379 4961 gettcrt'r,
1389 4889 1447 4959 qnia
1458 4888 1587 4959 ignorat?
1607 4888 1647 4945 Et
1659 4890 1717 4963 quit
1726 4874 1770 4941 atu
1780 4898 1810 4936 tr·

186 4971 260 5041 leges
288 4977 409 5029 natutae.
440 4973 518 5041 Quod
550 4976 692 5032 diuortium
717 4979 860 5050 Apostolus
887 4993 980 5053 aperte
1032 4982 1268 5052 scut,st'ielicitus,
1291 4998 1358 5052 quoe
1378 4982 1405 5036 in
1422 4981 1549 5053 paradiso
1570 4983 1676 5054 suerat,
1695 4987 1808 5039 merrith

187 5065 352 5138 pulchreque
364 5065 508 5136 expressit,
523 5065 633 5122 diceus:
652 5067 741 5124 Mente
752 5071 836 5125 sertio
850 5070 900 5142 legi
919 5073 980 5140 Dei,
1034 5094 1085 5133 non
1095 5084 1133 5131 cst
1144 5075 1232 5146 utique
1245 5073 1428 5129 dubitandum.
1449 5075 1486 5128 Ac
1507 5091 1557 5145 per
1575 5076 1629 5132 hoc
1640 5078 1720 5133 etiottt
1729 5068 1809 5145 W

187 5180 268 5220 corne
284 5168 371 5217 nutent
385 5159 436 5232 legi
452 5160 560 5232 peccati,
580 5175 690 5217 caruem
702 5160 828 5219 videlicet
841 5165 979 5222 carnalem
1033 5166 1110 5222 oerha
1120 5165 1183 5220 haec
1196 5163 1316 5235 primitus
1331 5163 1447 5234 occipere
1461 5179 1513 5218 non
1524 5166 1616 5236 pigeat
1624 5183 1637 5233 ,·
1658 5163 1809 5224 umrArte

188 5269 298 5312 sonsum
311 5250 459 5323 appellans,
484 5250 531 5323 qui
546 5250 750 5310 rationabilibus
761 5253 844 5310 animi
865 5255 982 5312 motibus
1031 5273 1091 5312 mett
1112 5266 1149 5312 cst
1172 5266 1196 5313 ct
1217 5256 1378 5327 expectando
1393 5256 1555 5327 significatio
1578 5261 1810 5332 prophetiam·

186 5348 269 5407 etiam
291 5346 320 5405 io
342 5344 392 5411 bis,
410 5344 456 5418 uui
469 5343 580 5417 perlecti
604 5350 676 5413 sunt,
692 5345 848 5405 inobediens
867 5346 981 5406 resistit.
1032 5348 1146 5404 manime
1158 5348 1199 5403 hic
1219 5348 1337 5403 itttttetur
1350 5345 1399 5404 lici
1416 5346 1547 5420 loquentis
1569 5351 1694 5408 intentio.
1707 5349 1809 5409 litlot*

843 5527 974 5588 thoul:
991 5527 1193 5591 merlonus

226 5671 405 5738 ¹stccti;d
427 5688 478 5745 per
500 5673 626 5745 tapsum.
664 5670 713 5726 'h
737 5667 818 5741 [ciiii.
857 5671 983 5728 'aiom
1011 5672 1064 5730 cl.
1100 5671 1337 5743 ‘ramperciom
1354 5669 1385 5725 tl.
1426 5667 1503 5727 'Sic
1526 5668 1630 5738 cm
1711 5672 1809 5747 ετιιιιῐ-

188 5738 201 5777 ⁸
217 5738 265 5797 Sic
277 5743 337 5807 (Ἐς
351 5742 374 5798 h
389 5744 488 5800 bonum
501 5745 690 5801 cothurnosae
711 5751 831 5798 naturae.
883 5743 894 5776 ¹
909 5741 956 5798 Sic
976 5741 1037 5810 ctt;
1056 5742 1077 5797 d
1093 5742 1265 5798 substernere.
1315 5743 1327 5776 ⁸
1342 5739 1387 5795 Sic
1400 5738 1459 5808 CF;
1474 5742 1499 5797 h
1513 5741 1646 5798 irratione
1664 5744 1741 5800 iiiittt
1752 5746 1811 5795 ult·

190 5806 251 5867 ὂιιε.
287 5809 379 5867 'hin
390 5829 453 5883 poce
464 5828 489 5872 ε.
509 5831 537 5872 n.
555 5811 716 5884 conjugium.
757 5813 778 5846 ¹·
794 5812 959 5871 incomb-
998 5814 1021 5851 ¹¹
1044 5812 1089 5870 Sic
1101 5812 1161 5884 uti,
1183 5813 1203 5867 h
1222 5824 1257 5868 et.
1295 5812 1316 5845 ¹¹
1332 5809 1378 5867 Sic
1388 5810 1484 5879 ΕΜ
1500 5811 1684 5884 intelligenda.
1720 5809 1802 5866 ”io
