3984 6534
172 363 231 429 m
398 331 400 335 ⁷
554 360 1423 427 nmmmfflfflwmfflmmmm
1666 323 1890 429 'me„

175 478 252 554 qaod
270 495 378 553 mess
396 481 684 550 sacrasanctam
706 495 733 533 es
752 477 876 532 veniatis.
898 475 1003 541 Quanto
1032 475 1124 529 melius
1144 482 1290 545 quantoque
1315 471 1449 527 salubrrus
1475 488 1583 543 aqeres,
1608 466 1632 527 si
1655 469 1702 528 uni
1726 490 1801 530 verae

176 575 397 646 amplrsmseqss
414 574 473 631 siae
490 576 602 631 innitens
626 574 756 647 qsadriqa
774 572 846 627 illius
865 570 971 626 lsumilis
996 572 1074 635 velri,
1103 586 1182 641 quam
1205 567 1336 639 quadrivii
1354 568 1393 621 tui
1417 568 1527 637 indatus
1550 570 1628 641 tqpbo
1650 578 1752 639 raptum
1767 571 1804 645 iri

176 670 207 722 iss
231 669 335 724 diverse
354 668 489 742 damnes.
512 669 647 741 Quodsiqa
670 669 750 738 lujat
770 669 827 722 viae
846 675 907 721 srrsst
924 673 1048 736 quattuor·
1068 662 1225 734 Evanqelio,
1249 677 1301 716 uno
1322 660 1441 731 paradisi
1460 661 1533 731 {onte
1557 664 1713 730 manantia,
1743 665 1802 732 qui-

175 763 226 817 bsts
250 762 325 817 nolis
345 763 387 818 oio
406 764 532 835 panditur
554 764 689 820 salutaris.
717 762 853 832 Quadriqo
871 761 950 831 lsrrjus
976 759 1031 814 viae
1045 767 1168 828 quattuor
1188 764 1250 811 sunt
1276 757 1401 820 uirtutes,
1426 755 1586 824 prudentia,
1608 759 1800 826 temperantia,

172 856 325 927 partitudo,
347 858 471 928 justitia,
494 859 588 931 quibas
610 859 694 914 omnis
718 873 820 912 morunt
837 855 952 926 probitas
975 861 1135 909 venustatur.
1160 850 1295 920 Quadriqa
1319 849 1398 919 buius
1421 848 1547 904 viverunt
1563 853 1802 921 quattuordivino·

172 965 236 1005 rsrss
263 949 426 1023 eloquiorum
444 954 554 1023 species,
577 953 720 1019 bistorico,
743 951 845 1016 etbica,
873 949 1030 1021 allequiea,
1057 946 1215 1016 anaqoqica,
1240 944 1333 1015 quibus
1358 943 1393 997 od
1417 959 1518 998 ornnem
1541 962 1677 1000 sacrarum
1698 947 1800 1002 littera-

173 1056 236 1096 rusa
259 1041 418 1099 intellectum
443 1046 607 1103 illuminante
631 1048 717 1118 qratia
744 1046 803 1116 ejus
831 1044 990 1098 inducimur.
1018 1041 1091 1107 Quae
1119 1040 1142 1094 si
1167 1039 1300 1093 lumiliter
1327 1038 1488 1108 fideliterque
1514 1041 1607 1093 sectori
1638 1041 1802 1108 studuisses,

174 1153 312 1210 nomm
330 1139 360 1194 in
381 1149 455 1197 tanta
477 1158 596 1197 errorum
620 1152 697 1215 atque
723 1141 964 1203 abominationum,
992 1140 1071 1193 immo
1101 1136 1319 1206 blasphemiorum
1352 1135 1504 1208 praecipitia
1529 1135 1673 1190 incidisses.
1708 1135 1803 1192 Varum

173 1235 241 1289 dssss
281 1234 419 1306 quadrinis
444 1238 561 1291 venroso
596 1246 670 1290 tanto
700 1233 844 1306 pertinacia
869 1233 1029 1298 inhaesisti,
1058 1247 1220 1303 nequaquam
1246 1230 1376 1300 eloquium
1410 1229 1469 1283 liiri
1495 1228 1670 1284 Ecclesiastici
1696 1233 1804 1289 evadere

174 1328 300 1395 solsiui,
313 1345 366 1400 qno
378 1329 496 1384 dicitur:
510 1329 563 1398 Qui
577 1330 723 1400 sophistice
739 1329 869 1400 loquitur,
884 1327 993 1384 odibilis
1010 1336 1069 1391 est,
1084 1327 1157 1380 omrsi
1175 1338 1204 1378 re
1217 1323 1430 1389 defraudabitur.
1444 1323 1501 1377 Non
1516 1323 1587 1378 enim
1599 1326 1661 1380 data
1677 1337 1719 1382 est
1733 1328 1770 1383 illi
1787 1345 1803 1384 a

173 1421 293 1480 nomino
306 1423 402 1496 qratia.
416 1421 495 1480 Omni
508 1424 581 1480 euim
596 1424 727 1494 sapientia
738 1422 913 1478 defraudatus
925 1430 967 1476 est
978 1422 1027 1491 (a).
1043 1420 1076 1473 Et
1087 1418 1153 1472 illud
1166 1433 1173 1472 ι
1184 1417 1212 1472 ln
1228 1417 1398 1486 multiloquia
1412 1430 1465 1470 uon
1476 1415 1588 1487 effugies
1602 1429 1742 1490 peccatum
1754 1424 1803 1494 (b).

173 1516 314 1581 Quibussi
334 1520 450 1590 ewediri
467 1520 609 1584 desideras,
622 1517 763 1573 lsumilitati
780 1517 981 1573 sublimissimae
995 1515 1115 1583 crucifici
1127 1512 1236 1585 supplex
1257 1521 1435 1583 prosternere,
1451 1521 1479 1564 ut
1493 1527 1552 1564 curn
1575 1514 1697 1583 Apostolo
1719 1516 1805 1572 dicere

173 1611 285 1667 soleas:
300 1611 371 1670 Nihil
386 1614 504 1684 judicavi
520 1631 564 1672 sne
578 1616 648 1671 seire
662 1616 733 1670 inter
749 1629 797 1670 vos
810 1615 861 1669 nisi
874 1613 1011 1669 Christum
1025 1610 1116 1666 lesum
1131 1618 1158 1666 et
1174 1612 1245 1666 brine
1258 1609 1416 1664 crucifixum
1429 1608 1476 1680 (e).
1492 1609 1525 1662 lit
1543 1611 1621 1664 item:
1635 1609 1700 1666 sttui
1714 1622 1804 1668 autem

173 1705 251 1760 absit
266 1705 378 1779 gloriari
400 1709 453 1766 uisi
473 1709 501 1765 ia
526 1725 607 1766 eruce
626 1709 734 1767 Domini
756 1710 843 1764 nostri
857 1707 919 1764 lesu
935 1707 1054 1770 Christi,
1069 1721 1118 1778 per
1135 1721 1214 1776 quem
1235 1705 1302 1760 mihi
1323 1704 1440 1759 mundus
1459 1704 1606 1761 crucifixus
1624 1715 1688 1772 est,
1709 1717 1737 1763 ct
1755 1724 1806 1778 ego

173 1801 279 1855 atusstlo
300 1801 352 1872 (d).
376 1801 428 1859 llis
451 1805 480 1860 in
502 1806 606 1860 nomine
623 1815 648 1858 ct
672 1805 804 1875 adjutorio
827 1803 875 1858 ua
899 1819 947 1872 pro
968 1814 1046 1873 captu
1072 1811 1096 1856 et
1122 1801 1220 1855 viribus
1241 1816 1314 1854 meae
1344 1800 1496 1868 pusillitatis
1515 1802 1597 1870 nsaqis
1619 1802 1707 1857 detrote
1726 1818 1806 1871 quam

172 1894 269 1962 docte,
289 1905 350 1952 tuoe
363 1914 465 1971 quoque
488 1901 676 1966 correctionis,
704 1901 787 1969 [rator
807 1897 940 1962 Joarrrses,
962 1898 1049 1967 qratia
1064 1897 1197 1961 exaratis,
1219 1894 1279 1950 libet
1302 1911 1382 1966 quam
1402 1893 1512 1948 breviter
1531 1911 1659 1965 quamque
1675 1897 1807 1951 succincte

172 1993 342 2061 capitulatim
366 1995 620 2067 sinqulaadnotare,
642 2013 693 2069 quo
715 1994 822 2066 lcqentis
843 1993 1024 2063 audientisque
1045 1991 1154 2047 intentio
1169 1990 1235 2046 lecta
1251 1989 1291 2044 vel
1305 1989 1397 2044 audita
1420 1989 1561 2043 memoriae
1583 1991 1699 2045 tenacius
1722 1993 1807 2046 vertent

171 2088 370 2144 conmendare.
1032 2085 1037 2097 '

213 2183 248 2239 lit
267 2185 337 2241 haec
357 2185 466 2256 quidem
487 2202 502 2241 e
524 2187 662 2242 Prudentii
680 2185 749 2241 libro
763 2186 902 2241 hactenus.
922 2183 1019 2239 florus
1042 2180 1246 2253 Lugdunensis,
1270 2181 1314 2250 qui
1338 2179 1446 2235 nonsino
1460 2177 1597 2234 Ecclesiae
1615 2176 1803 2248 Lugdunensis

173 2274 277 2332 librum
290 2293 368 2334 suum
381 2280 510 2347 condidit,
529 2281 660 2338 loannem
677 2281 788 2337 Βιοιιιιιι
801 2278 947 2335 simillimis
960 2277 1069 2334 fortiter
1082 2277 1187 2347 impetit
1207 2274 1300 2329 aratis.
1311 2273 1336 2329 ls
1348 2273 1421 2330 enim
1434 2273 1474 2328 sic
1483 2272 1608 2327 orditur:
1631 2269 1758 2326 Venerunt
1772 2271 1808 2325 ad

174 2390 236 2441 stoa,
248 2373 325 2428 idest
335 2374 370 2429 ad
384 2375 530 2432 Eeelmmm
542 2376 751 2447 luqduuensem,
765 2374 905 2445 cuiusdam
915 2372 1047 2444 vaniloqui
1060 2380 1084 2426 et
1096 2371 1198 2441 qarruli
1210 2368 1322 2424 bominis
1335 2369 1442 2439 scripta,
1457 2368 1501 2440 qui
1512 2367 1578 2420 velut
1594 2367 1626 2421 de
1635 2367 1808 2437 praescientia·

173 2474 200 2521 el
214 2465 455 2537 praedestinatione
467 2470 555 2525 dsbina
567 2471 707 2536 bumastis,
719 2478 762 2535 et,
777 2476 807 2524 ut
824 2468 879 2540 ipse
896 2467 1040 2538 ploriatur,
1064 2465 1249 2536 plrilosoplsicis
1271 2464 1543 2540 argumentationibus
1561 2463 1713 2533 disputans,
1733 2463 1808 2517 nulla

174 2562 282 2616 ratione
303 2562 423 2630 reddita,
438 2562 511 2618 nullo
528 2561 725 2633 scripturarum
744 2563 798 2617 sive
817 2571 967 2617 sanctorum
981 2559 1094 2615 Patruus
1116 2560 1270 2615 auctoritate
1292 2559 1423 2630 praelata,
1434 2559 1502 2613 velut
1517 2559 1627 2613 tenenda
1640 2569 1664 2612 et
1677 2559 1809 2630 sequenda

174 2653 236 2710 solo
250 2671 301 2709 ssa
311 2659 521 2727 praesumptione
535 2657 644 2725 definire
657 2671 738 2712 assu
748 2664 797 2722 est,
812 2672 908 2726 quasa
921 2655 1043 2724 fidelibus
1055 2664 1080 2710 et
1093 2656 1120 2711 irs
1132 2655 1252 2709 doctrina
1265 2672 1343 2709 saara
1359 2655 1509 2709 coercitatis
1523 2654 1678 2720 lectoribus,
1694 2670 1724 2709 eo
1738 2655 1808 2725 quod

174 2749 230 2804 siat
242 2750 384 2804 vanissima
394 2758 418 2804 et
430 2759 518 2804 eontra
532 2750 609 2819 fidem
623 2765 655 2803 aa
665 2751 798 2804 veritatem
809 2749 868 2814 liei,
879 2749 956 2819 plena
970 2750 1100 2804 mendacii
1115 2759 1139 2803 et
1156 2751 1268 2813 erroris,
1281 2749 1335 2805 lieo
1348 2749 1503 2820 opitulante,
1518 2747 1643 2819 facillime
1651 2749 1808 2818 iudicantur

174 2853 201 2899 el
217 2853 389 2914 respuuntur,
401 2845 482 2898 immo
492 2845 570 2899 etiam
582 2846 740 2915 contemptui
760 2854 784 2899 et
805 2845 870 2899 rista
886 2845 1024 2899 labentur.
1039 2842 1091 2899 Sed
1103 2846 1165 2916 quia
1177 2862 1193 2898 a
1206 2844 1313 2909 rrsultis,
1326 2854 1355 2899 ut
1368 2846 1531 2909 audivimus,
1545 2846 1614 2898 idem
1637 2845 1714 2898 bomo
1729 2844 1807 2915 quasi

174 2938 352 2994 scholasticus
366 2948 390 2994 et
408 2939 526 2995 eruditus
548 2940 716 2996 admirationi
730 2942 850 3007 babetur,
872 2951 897 2996 et
922 2941 986 2994 talia
1008 2942 1128 3011 qarriens
1142 2943 1197 2996 sive
1207 2941 1321 2995 scribens
1342 2941 1408 2995 alios
1424 2942 1459 2994 ad
1474 2941 1673 2995 lsaesitativnem
1686 2939 1806 3006 deducit,

176 3036 260 3101 alios,
274 3035 350 3106 quasi
363 3051 486 3107 maqnum
499 3037 599 3109 attqatd
615 3037 702 3102 dicat,
718 3053 819 3092 errores
840 3038 882 3092 sui
901 3052 1023 3101 rcqrtoces
1040 3037 1125 3108 efficit,
1148 3052 1235 3091 ovines
1251 3047 1338 3091 tamen
1361 3037 1495 3092 auditores
1516 3046 1540 3091 et
1560 3040 1732 3095 admiratores
1745 3057 1808 3097 suos

176 3131 257 3186 inani
269 3130 424 3186 verbositate
437 3140 462 3186 et
473 3140 577 3186 sentosa
593 3131 748 3202 loquacitate
760 3131 979 3201 perniciosissime
996 3141 1117 3200 occupat,
1135 3143 1162 3185 ut
1175 3149 1227 3185 nors
1240 3133 1335 3187 divinis
1357 3132 1517 3202 scripturis,
1538 3150 1589 3187 non
1608 3136 1809 3192 auctoritatibus

179 3226 305 3281 Paternis
320 3240 347 3280 te
369 3224 684 3292 lumilitersubmittaut,
708 3227 752 3280 sed
776 3227 832 3295 ejus
854 3227 939 3295 prorius
959 3226 1123 3296 plrantaslica
1146 3225 1317 3281 deliramento
1339 3237 1490 3300 sequantur,
1510 3231 1683 3283 necessarium
1703 3232 1808 3288 ontnt'no

175 3320 317 3385 duamur,
328 3327 358 3374 ut
367 3319 452 3374 studia
463 3320 580 3374 caritatis
593 3330 616 3374 et
630 3320 714 3375 debito
725 3321 807 3375 nostri
818 3319 868 3374 lvci
881 3334 957 3390 atque
968 3321 1069 3375 ordinis
1080 3322 1136 3390 ejus
1153 3321 1314 3384 insolentiae,
1328 3331 1434 3376 auctore
1445 3322 1567 3387 lionsinv,
1584 3325 1808 3392 responderemus,

178 3425 220 3480 sst,
232 3415 382 3487 quiramus
392 3415 456 3470 baec
469 3431 529 3469 cura
544 3415 591 3469 llei
605 3416 696 3470 timore
709 3427 731 3469 rt
748 3433 810 3471 cura
822 3416 915 3472 salutis
928 3434 992 3472 suae
1003 3416 1117 3487 fideliter
1126 3415 1209 3488 lepore
1224 3418 1362 3482 voluterint,
1377 3428 1517 3488 aquascant
1534 3422 1667 3485 veraciter,
1682 3431 1809 3490 quantum

177 3509 342 3575 accensuit,
353 3508 382 3563 in
394 3508 434 3565 leis
448 3511 561 3564 mxime
574 3510 798 3578 periculosissimis
808 3521 832 3564 et
840 3513 962 3566 ectrernis
976 3513 1144 3581 temporibus,
1154 3513 1289 3568 inbuerere
1301 3512 1412 3580 firrrsiter
1426 3511 1579 3584 Scripturae
1591 3526 1698 3570 sauctae
1711 3518 1807 3572 immo·

179 3606 228 3661 bili
242 3605 356 3671 ueritati,
370 3603 475 3660 obedire
483 3605 614 3660 lrurniliter
623 3616 770 3660 sanctorum
782 3608 986 3663 ortlsodocvrum
998 3608 1108 3664 Patrum
1121 3609 1322 3679 fundatissimae
1333 3611 1494 3678 auctoritati,
1508 3611 1630 3667 claudere
1639 3621 1663 3665 et
1677 3611 1810 3668 obstruere

180 3701 304 3756 auditum
313 3699 524 3772 indisciplinatae
536 3709 559 3754 et
570 3700 724 3753 sanissimae
738 3702 897 3766 verbositati,
907 3712 930 3755 et
942 3701 1008 3757 illud
1019 3703 1123 3758 llomini
1138 3705 1236 3759 dictant
1251 3715 1304 3759 tota
1317 3706 1457 3761 intentione
1469 3708 1657 3775 pertimescere,
1673 3706 1808 3775 quodiam

178 3812 265 3869 paene
287 3796 402 3852 videmus
423 3792 540 3862 impleri,
555 3810 606 3864 quo
620 3794 674 3863 ipse
688 3794 724 3846 oit
737 3809 746 3848 :
759 3793 841 3849 iustas
856 3793 928 3850 lulius
941 3796 1065 3853 hominis
1087 3799 1199 3854 veniens
1222 3799 1340 3853 inveniet
1364 3800 1443 3854 sstlem
1464 3799 1491 3854 in
1517 3801 1606 3855 terra?
1628 3801 1664 3871 (e)
1686 3811 1709 3854 et
1739 3801 1809 3872 qaod

179 3892 336 3966 Apostolus,
348 3892 378 3947 iss
390 3907 442 3964 qrrv
456 3891 525 3946 Mem
539 3889 667 3943 Dorrsinur
681 3889 844 3960 loquebatur,
865 3890 1014 3946 terribiliter
1034 3892 1171 3946 denuntiat
1189 3894 1299 3949 dicens:
1314 3894 1373 3949 Erit
1389 3896 1462 3949 enim
1488 3903 1609 3967 tempus,
1630 3912 1691 3951 cum
1713 3912 1807 3953 sutram

180 3988 336 4045 doctrinam
350 4001 405 4043 von
419 3986 605 4051 sustinebunt,
620 3984 668 4040 sed
687 3984 722 4040 vd
736 3999 784 4040 suu
806 3984 941 4039 desideria
965 3987 1165 4041 coacervabunt
1188 3987 1239 4042 sibi
1266 3988 1410 4060 magistros
1429 3991 1584 4059 prurientes
1607 3994 1732 4061 auribus,
1751 4005 1809 4051 eta

181 4083 299 4140 scritate
312 4081 421 4152 quidem
435 4079 554 4134 auditum
571 4087 703 4144 avertent,
726 4079 759 4133 ad
783 4077 887 4134 subulas
900 4087 990 4136 autem
1010 4091 1202 4137 convertentur
1214 4082 1257 4154 (f).
1279 4081 1352 4140 llnde
1375 4095 1399 4140 et
1418 4086 1482 4141 olibi
1494 4089 1541 4142 sub
1559 4105 1671 4158 persono
1683 4091 1771 4146 dilecti
1786 4103 1810 4147 et

179 4177 256 4233 electi
271 4174 394 4246 discipuli
411 4189 513 4230 omnem
526 4172 637 4241 fidelem,
653 4184 676 4228 et
693 4175 831 4244 praecipue
845 4174 962 4229 ordinem
977 4178 1135 4246 pastoralem
1147 4177 1325 4236 sollertissime
1337 4183 1469 4249 admonet,
1483 4186 1571 4240 dicens
1589 4203 1598 4241 :
1618 4189 1640 4245 0
1655 4189 1809 4258 Tisnotltee,

180 4269 336 4341 depositum
346 4269 462 4336 custodi,
470 4268 592 4325 devitans
603 4268 728 4339 prolapus
743 4284 838 4324 uocum
851 4271 985 4325 narsitates
995 4279 1024 4325 ct
1034 4272 1391 4348 oppositionesbsvbasipvv
1403 4281 1532 4350 poetae,
1545 4281 1573 4334 id
1583 4283 1808 4351 certatrinonsiuir

181 4364 329 4429 scientias,
345 4378 428 4433 quam
440 4362 549 4434 quidam
559 4363 747 4433 promittentes
761 4364 834 4419 cirea
849 4364 927 4420 lidem
941 4365 1099 4421 exciderunt
1111 4366 1160 4440 (q).
1175 4367 1319 4440 Propositis
1343 4373 1424 4441 iqitur
1445 4376 1542 4436 vertis,
1557 4392 1623 4446 quur
1636 4378 1662 4429 ia
1681 4377 1768 4432 decem
1783 4389 1808 4435 et

183 4473 279 4513 novem
292 4457 411 4530 opusculi
423 4455 465 4511 sui
478 4456 584 4527 diqessit
594 4456 726 4527 capitulis,
740 4466 816 4527 prout
829 4457 955 4514 Dvrrsiuus
969 4460 1068 4515 donare
1078 4462 1213 4533 diqnotur,
1225 4481 1277 4519 aon
1295 4478 1383 4521 vostro
1397 4483 1484 4535 sensu,
1506 4469 1551 4523 sed
1568 4481 1719 4526 sanctarum
1734 4473 1810 4530 Scri·

179 4564 322 4625 pturarsns
335 4565 359 4607 et
375 4551 582 4608 beatissimorum
597 4551 783 4606 catholicorum
797 4551 907 4608 l‘atrum
922 4556 960 4609 ito
972 4559 1178 4627 respondendum
1191 4562 1368 4632 oqqredinsur.

216 4640 430 4699 terminumn
450 4649 566 4720 denique
590 4648 685 4705 loanni
710 4650 792 4707 &oto
813 4654 931 4720 accidit,
957 4664 985 4709 ut
1008 4656 1077 4713 duae
1091 4661 1185 4731 synodi
1198 4660 1364 4730 Gallicanae,
1377 4663 1518 4720 valentina
1537 4680 1582 4721 aa.
1597 4665 1650 4722 855
1663 4675 1691 4723 et
1708 4667 1809 4740 Lingo-

180 4738 279 4795 nensis
299 4752 345 4793 stt.
359 4737 420 4808 rto,
435 4743 520 4816 ipsius
533 4745 631 4802 librum
643 4755 670 4801 et
684 4747 811 4818 capitula,
824 4751 922 4818 quibus
934 4763 1106 4807 rvnsusentum
1125 4755 1223 4809 diaboli
1231 4757 1318 4827 potius
1338 4775 1417 4829 qrrorn
1432 4772 1612 4831 arqumeutum
1627 4762 1733 4834 aliquod
1745 4764 1810 4835 fidei

179 4834 366 4902 eontinentur,
384 4838 592 4908 proscriberent.
606 4840 646 4895 Ex
661 4843 757 4910 quibus
771 4843 856 4897 alteru
871 4844 982 4914 insuper
995 4847 1078 4902 aniles
1092 4866 1172 4918 paene
1187 4851 1292 4919 sabulos
1312 4851 1498 4928 scotorumque
1518 4856 1602 4926 pultes
1616 4861 1727 4929 puritati
1747 4862 1810 4932 fidei

182 4942 310 4983 rsausmm
329 4927 470 5000 inserentes
484 4932 555 4988 haud
579 4933 749 4991 mediocriter
764 4938 932 5005 perstrinxit.
953 4940 1053 5013 Synvrli
1071 4945 1144 5000 enim
1165 4945 1323 5005 valentinae
1341 4965 1402 5006 ean.
1419 4951 1517 5008 llusec
1529 4961 1623 5009 extant
1637 4972 1644 5010 :
1659 4973 1669 5009 s
1685 4955 1809 5028 capitula

156 5058 160 5064 -
181 5030 325 5096 quattuor,
336 5040 436 5096 quaes
451 5025 564 5082 concilio
577 5024 692 5081 lratrum
705 5036 859 5084 nostrorum
877 5034 966 5090 tutinus
979 5050 1120 5106 prospecte
1132 5050 1257 5114 suscepta
1269 5055 1341 5111 sunt,
1355 5056 1466 5119 pmpter
1474 5049 1659 5117 inutilitatem,
1672 5053 1808 5112 ueletiam

181 5119 350 5177 noxietatem
367 5128 395 5177 et
407 5134 527 5177 errorem
540 5122 706 5177 contrarium
715 5125 840 5190 veritati;
853 5131 899 5181 sed
914 5139 938 5183 et
951 5130 1005 5185 alia
1017 5148 1063 5187 ms
1073 5135 1230 5207 sqllopirmis
1245 5139 1402 5210 ineptissime
1414 5143 1549 5210 concluso,
1561 5156 1585 5201 et
1602 5147 1661 5202 licet
1678 5152 1806 5219 jactetur,

182 5209 397 5266 nullamecsslori
404 5209 674 5279 litteraturanitsntia,
685 5213 712 5265 in
723 5214 816 5283 quibus
827 5231 1000 5275 commentum
1010 5223 1200 5294 diabolipvtr'us
1210 5242 1476 5301 quomarqumentum
1485 5234 1591 5304 aliquod
1597 5237 1660 5305 fidei
1666 5239 1809 5309 deprelsen-

179 5306 268 5373 ditur,
279 5324 297 5362 a
309 5308 354 5378 pio
366 5306 460 5362 radda
470 5305 587 5378 fidelium
600 5308 702 5377 penitus
715 5309 888 5380 explodimus,
902 5325 926 5368 et
939 5325 967 5368 ut
982 5317 1047 5371 talia
1059 5329 1082 5372 et
1094 5322 1191 5376 similia
1201 5335 1351 5389 caveantur,
1361 5343 1407 5395 per
1417 5330 1504 5382 vnrrsiu
1520 5332 1674 5384 auctoritate
1693 5331 1808 5401 Spiritus

179 5401 270 5457 sanni
281 5400 479 5468 interdicimsss;
490 5419 614 5458 novarum
625 5404 704 5460 etiam
717 5420 804 5459 rerum
822 5407 1021 5478 introductores,
1043 5430 1075 5467 ne
1090 5416 1233 5471 districtius
1254 5420 1393 5488 feriamur,
1406 5424 1571 5494 eastiqandvs
1583 5442 1637 5480 esse
1647 5442 1806 5486 consensuri.

221 5545 560 5615 pmmfflm
1062 5562 1326 5630 mmmm

233 5615 516 5682 rmmmu
1061 5631 1358 5701 (mmmm

222 5701 264 5827 tc)
277 5685 411 5820 Ιαίὲιιιιιέιῐἰ
423 5687 467 5812 ᾗ
1061 5705 1098 5771 tq)
1111 5702 1118 5755 Ι
1132 5701 1248 5759 'liruotln
1264 5705 1308 5766 rt.
1318 5706 1363 5761 ill.

327 5840 462 5902 Psaros.
487 5843 613 5906 cxxtt.
