3984 6534
880 330 1095 395 PROOEMIUM.
1733 357 1809 403 uns

179 459 345 543 Profectus
358 461 527 543 aliquando
539 473 614 545 post
641 467 674 528 in
691 463 889 528 Britanniam
912 465 1100 529 meneviensi
1117 466 1150 526 in
1166 466 1367 543 monasterio,
1387 466 1472 547 qnod
1490 468 1532 530 ari
1549 469 1680 533 Doridis
1700 472 1810 553 sanum

181 584 313 664 dicitnr,
328 608 359 650 se
374 589 558 651 monachum
570 588 644 668 [ecit
662 589 697 650 in
712 587 833 649 ultimis
848 586 994 650 Gualliae
1007 587 1134 667 finibus.
1152 587 1215 651 Nec
1228 595 1356 668 poterat
1376 589 1410 651 in
1425 608 1458 650 eo
1476 587 1532 650 din
1546 588 1658 664 intere,
1671 589 1725 652 sed
1738 589 1811 654 inde

180 710 312 765 nocetne
335 704 374 767 ab
397 703 527 786 hlsredo
556 705 730 787 duplorum
744 722 825 784 repe,
849 711 913 765 tam
936 704 1010 781 sibi,
1035 723 1127 785 quam
1148 705 1214 768 suis
1237 704 1345 768 liberis
1365 703 1526 767 adhibitus
1541 713 1586 767 est
1604 714 1804 786 praeceptor.

181 819 265 884 Unde
281 830 310 886 st
323 824 392 905 ipso
410 822 594 886 adhortante
605 831 731 903 praeter
744 819 809 883 alia
817 819 998 883 studiorum
1009 839 1139 884 snorum
1148 830 1346 885 monumenta
1360 841 1375 883 e
1389 823 1506 886 Graeco
1518 823 1684 886 transtulit
1701 824 1809 887 intres

180 934 306 1016 linquae
329 937 528 1014 chaldaicam,
552 937 709 1000 arabicam
727 943 756 1000 et
784 936 914 1002 latinam
937 937 1119 1002 Aristotelis
1138 939 1273 1003 moralia
1289 940 1326 1003 de
1343 943 1468 1004 recretis
1483 950 1674 1006 secretorum
1688 963 1742 1006 seu
1759 963 1808 1006 re·
1862 991 1865 994 »

180 1065 234 1120 cto
253 1061 401 1141 repimine
423 1061 613 1142 principum,
639 1077 719 1139 opus
744 1059 1034 1141 exquisitissimum.
1060 1062 1131 1125 Hac
1145 1063 1215 1125 oiro
1232 1063 1347 1126 enimin
1362 1080 1414 1125 sen
1427 1065 1545 1143 penia'ti
1559 1063 1694 1146 qaedam
1710 1062 1811 1127 sidere

181 1173 359 1239 adornabat
390 1177 536 1261 Alsrcdus
561 1178 748 1243 academiam
774 1199 863 1243 snam
889 1181 1032 1245 Onaniae
1046 1190 1120 1245 tunc
1135 1182 1323 1246 inchoatam.
1341 1184 1422 1245 Erat
1435 1182 1495 1273 itte
1514 1183 1651 1263 primus,
1667 1182 1723 1262 qui
1740 1181 1811 1244 illic

180 1295 309 1374 publice
325 1297 422 1360 bonas
443 1307 525 1362 artes
536 1301 758 1383 profitebatur.
778 1302 916 1367 loannes
929 1305 1000 1383 iste,
1022 1305 1197 1368 subtilitate
1222 1305 1342 1385 inpenii
1359 1314 1540 1385 peracutus,
1575 1301 1724 1385 quaedam
1751 1321 1809 1364 noa

179 1423 264 1476 strae
287 1418 453 1497 retipionis
479 1425 711 1488 accuratissime
723 1425 890 1506 disputata
910 1428 1111 1509 conscripsit,
1131 1430 1317 1511 pracsertim
1335 1430 1401 1491 :De
1428 1426 1637 1491 immaculatis
1651 1427 1811 1507 mysteriis

185 1534 243 1597 lib.
259 1538 288 1602 1.
308 1538 351 1598 Dc
364 1540 423 1619 fide
437 1550 548 1605 contra
562 1545 712 1610 barbaros
730 1547 785 1612 lib.
805 1550 835 1612 l.
851 1549 895 1611 De
909 1567 1043 1631 corpore
1060 1557 1088 1614 et
1104 1550 1257 1631 sanquine
1273 1550 1401 1612 Domini
1417 1547 1473 1611 lib.
1487 1547 1515 1608 1.
1533 1543 1596 1605 Pro
1611 1541 1813 1605 instetumdt's

177 1657 333 1719 nobilium
340 1658 417 1738 filiis
431 1660 487 1724 lib.
502 1663 528 1726 1.
541 1664 701 1729 l'crsiones
715 1668 862 1748 Dionysii
878 1667 934 1732 lib.
951 1669 981 1731 1.
999 1669 1140 1733 Masalia
1158 1668 1339 1732 Aristotelis
1353 1669 1408 1731 lib.
1424 1668 1473 1730 lX
1485 1667 1568 1747 [Non
1580 1664 1695 1746 reliqui
1708 1664 1809 1728 locum

176 1796 232 1840 nec
246 1781 417 1861 templum].
432 1782 472 1844 ln
485 1785 676 1849 lerarchiam
688 1789 924 1852 commentarios
939 1788 994 1853 lib.
1015 1789 1034 1851 1
1037 1791 1071 1853 V.
1083 1789 1123 1851 ln
1138 1789 1325 1857 theotoniam
1338 1789 1498 1866 mysticam
1509 1785 1565 1848 lib.
1581 1785 1610 1848 1.
1626 1783 1810 1865 Paraphra-

176 1904 273 1967 sticos
283 1912 381 1969 tomos
394 1908 449 1971 sib.
462 1909 491 1972 1.
503 1910 665 1991 Epistolas
683 1913 725 1976 ad
734 1914 873 1977 diuersos
885 1914 941 1979 lib.
956 1916 985 1978 1.
1001 1915 1153 1996 Dopmata
1169 1913 1430 1994 philosophorum
1445 1909 1500 1972 lib.
1512 1908 1541 1970 1.
1558 1907 1602 1968 Et
1618 1905 1719 1970 adhuc
1733 1905 1809 1969 alia.

181 2021 222 2082 ln
239 2020 321 2083 libra
337 2023 372 2083 de
386 2024 585 2089 Eucharistia
599 2028 689 2108 helem
699 2049 787 2092 mam
803 2050 842 2092 cn
854 2030 1031 2109 Scriptnris
1045 2030 1215 2110 (alebatur,
1229 2029 1286 2091 hoc
1300 2029 1543 2108 inconsentiens
1554 2036 1582 2089 ct
1592 2026 1716 2104 docens,
1728 2027 1813 2108 quod

180 2163 221 2207 ecc
231 2144 340 2207 bibliis
354 2153 383 2206 et
395 2146 572 2226 Aupustino
583 2146 746 2222 didicerat,
759 2155 787 2209 et
797 2147 882 2229 quod
889 2149 1023 2211 sciverat
1036 2150 1070 2210 in
1081 2146 1195 2209 Galliis
1204 2149 1400 2211 Dertramum
1408 2149 1621 2229 presbyterum
1632 2149 1810 2218 tradidisse,

175 2264 242 2340 Qui
252 2263 331 2327 liber
340 2265 373 2327 in
390 2263 571 2327 Vercellcnsi
581 2264 896 2346 spnodoaleonelX
903 2265 1202 2346 pontiheellomana
1220 2273 1328 2346 postca
1343 2264 1520 2340 damnatur,
1535 2266 1740 2347 quadrarum
1751 2268 1811 2331 ad-

177 2396 318 2451 versetur
331 2389 486 2470 quaestui.
501 2389 543 2448 ln
556 2383 818 2447 blalmesbsriensi
835 2383 982 2448 coenobio
1004 2383 1137 2457 tandem,
1154 2402 1214 2464 qno
1232 2384 1435 2448 recreationis
1452 2385 1557 2463 pratia
1572 2404 1603 2446 ee
1620 2385 1809 2465 contulerat,

176 2507 260 2569 inter
275 2507 434 2585 lenendum
447 2527 466 2567 a
479 2504 664 2588 quibusdam
680 2501 846 2584 discipulis
861 2502 1054 2582 pupionibus
1074 2503 1309 2565 interimebatnr
1325 2523 1406 2566 anna
1425 2505 1545 2571 Christi
1560 2510 1641 2585 88's,
1665 2511 1813 2592 fortassis

176 2646 242 2688 non
259 2646 324 2689 ssne
337 2626 559 2688 moreachorum
580 2623 731 2705 impulsu,
745 2623 885 2705 quamvis
907 2641 974 2685 cnm
989 2625 1070 2685 inter
1084 2623 1247 2702 ,Ecclesiae
1258 2632 1410 2704 martyres
1433 2637 1543 2708 postea
1564 2635 1808 2696 numeraverint.

177 2743 388 2824 Decipsnntnr
401 2744 465 2824 [erc
480 2760 580 2804 omnes
592 2742 797 2805 historiarum
819 2741 1001 2818 scriptores,
1017 2741 1073 2821 qui
1088 2741 1182 2803 istum
1196 2759 1265 2802 oum
1274 2741 1475 2820 praecedente
1492 2748 1615 2809 loonne
1637 2747 1694 2813 illo
1714 2751 1808 2812 Scato

179 2864 348 2928 Mnilrosio
366 2884 463 2929 unum
478 2866 576 2946 [nisse
600 2867 751 2945 latentur,
769 2869 832 2924 tam
845 2861 1007 2923 vicinitate
1030 2869 1220 2941 temporum,
1239 2877 1330 2940 qnam
1351 2862 1512 2925 nominum
1536 2885 1572 2928 ac
1590 2866 1808 2930 doctrinarum

176 2989 313 3067 paritate
328 2983 495 3047 occaecati.
512 2979 634 3045 Videbit
651 2980 788 3062 vipilnns
800 2980 921 3059 Arous,
934 2995 988 3040 seu
1004 2976 1148 3039 oculatus
1163 2975 1272 3050 lector,
1289 2977 1445 3037 nonsatis
1460 2982 1635 3058 convenire,
1651 2982 1811 3063 quodnu-

180 3103 297 3166 divcrit
314 3102 440 3178 Dedan,
467 3111 493 3163 et
509 3102 664 3182 hucusque
677 3107 806 3162 oetatem
815 3094 1027 3179 protenderit,
1044 3093 1109 3156 nisi
1123 3111 1222 3155 annos
1237 3099 1357 3155 centnm
1371 3101 1399 3156 ct
1414 3093 1502 3159 Lxx
1518 3099 1560 3162 ad
1577 3102 1681 3166 minus
1695 3105 1723 3168 ei
1737 3124 1811 3169 con·

179 3223 316 3285 cesserit.

217 3337 292 3399 Post
304 3335 453 3399 Balneum
466 3341 641 3416 apostatam
653 3337 727 3401 sudi
738 3334 906 3400 Leslaeum
922 3330 1108 3414 episcopum
1123 3335 1316 3399 Rassensem
1329 3334 1372 3416 (sp
1386 3332 1486 3418 1593),
1498 3339 1677 3402 constantia
1689 3357 1726 3404 ac
1738 3341 1812 3408 fidei

174 3455 362 3520 sinceritate
379 3455 547 3519 illustrem.
564 3457 627 3531 Qui
644 3458 677 3521 iu
693 3455 778 3519 libro
802 3454 855 3518 cui
872 3453 1008 3516 titulus:
1023 3453 1066 3514 De
1082 3454 1215 3532 oripinc,
1231 3454 1371 3516 moribus
1389 3465 1416 3517 et
1431 3459 1522 3522 rebus
1536 3462 1630 3540 pestis
1646 3460 1813 3525 Scotorum

174 3576 231 3638 tib.
244 3577 285 3650 X,
296 3577 385 3638 Rom.
400 3577 488 3650 1578,
501 3594 535 3656 p.
553 3573 612 3636 188
622 3572 662 3637 de
676 3572 799 3635 loanne
813 3570 906 3632 Scato
916 3567 997 3632 baec
1007 3568 1134 3648 scripsit
1148 3591 1156 3630 :
1170 3568 1347 3631 Plurimum
1359 3578 1532 3639 ornamenti
1542 3578 1676 3640 contulit
1687 3581 1812 3644 nationi

177 3710 304 3765 nostrae
319 3703 456 3764 loannes
468 3703 593 3778 Scotns,
610 3701 662 3762 cir
677 3698 857 3762 diuinarum
869 3711 975 3756 rernm
985 3694 1221 3768 scientissimus,
1235 3697 1289 3775 qui
1306 3704 1379 3776 post
1399 3697 1514 3761 multos
1524 3706 1623 3760 annos
1636 3701 1766 3766 Athenis
1776 3701 1810 3766 in

175 3823 297 3902 praecis
310 3820 412 3884 literis
427 3826 654 3900 consumptosa
667 3812 827 3877 ludovico
838 3811 1049 3872 Romanorum
1059 3810 1253 3888 Imperatore
1269 3815 1441 3877 accersitur
1454 3818 1487 3877 s'n
1499 3815 1648 3891 Galliam,
1663 3837 1699 3881 ac
1713 3838 1807 3900 prae-

174 3951 222 4005 ter
238 3944 303 4006 alsa
317 3937 496 4004 studiorum
512 3945 721 4012 monumenta,
736 3933 865 4016 jubente
882 3924 1128 4012 ipso'lndovico
1144 3941 1302 4011 Anpusto,
1315 3933 1506 3996 lerarchiom
1520 3935 1560 3997 D.
1574 3935 1720 4016 Dionysii
1735 3939 1809 4020 [scit

177 4071 320 4135 latinam.
330 4074 447 4135 Exstat
461 4091 540 4153 opus
554 4071 675 4152 insions
685 4065 920 4135 Commentariis
933 4065 1081 4145 [luponis
1101 4064 1165 4127 aS.
1184 4065 1307 4128 Victore
1328 4065 1478 4147 Theolopi
1496 4066 1702 4130 illustratum.
1715 4071 1808 4133 Brevi

174 4199 254 4273 post
274 4192 386 4252 misens
399 4211 419 4253 a
432 4191 547 4255 Carolo
563 4193 656 4255 tertio
674 4193 709 4256 in
721 4189 866 4272 Anpliam
893 4190 1012 4269 lepatus
1026 4189 1067 4251 ad
1080 4190 1243 4271 Allrcdnm
1255 4190 1432 4273 Anplorum
1444 4211 1556 4274 sepem,
1576 4193 1695 4271 optimo
1715 4196 1810 4274 prin·
1844 4161 1847 4169 Ι

174 4323 243 4403 cipi
263 4321 495 4403 protulaturus,
512 4320 597 4403 quod
610 4327 685 4403 post
699 4325 827 4402 partam
843 4315 992 4378 adoerens
1014 4314 1119 4375 Danos
1136 4316 1303 4378 victoriam
1316 4335 1422 4397 pacem
1443 4335 1512 4378 cum
1529 4316 1634 4378 Sectis
1652 4334 1688 4377 ac
1705 4318 1809 4378 Fran-

172 4456 219 4518 cis
233 4455 351 4529 inierit,
371 4453 408 4516 ob
424 4451 568 4515 eximiam
583 4449 788 4513 eruditionem
801 4466 841 4509 cr
855 4445 954 4526 lepato
971 4441 1101 4524 Alsredo
1127 4442 1232 4523 factus
1249 4448 1293 4503 est
1319 4441 1442 4520 hospes,
1457 4441 1613 4522 repiisqne
1627 4440 1734 4502 liberis
1755 4440 1809 4502 ad·

171 4586 293 4650 hibitus
306 4591 501 4666 praeceptor.
520 4584 631 4648 l'srum
645 4588 753 4661 postea
768 4580 803 4641 in
811 4575 1080 4639 Malmesbnriensi
1105 4570 1253 4636 coenobio
1269 4569 1392 4632 divinas
1407 4568 1614 4649 humanasque
1625 4568 1733 4632 literas
1746 4573 1809 4652 sre-

172 4716 281 4795 qusnti
305 4713 466 4801 auditorio
488 4708 837 4793 propiennmqas'aam
862 4706 1098 4786 corruptissimi
1112 4702 1341 4779 adolescentes,
1361 4718 1496 4783 quornm
1514 4700 1717 4764 insolentiam
1737 4721 1808 4764 mo-

172 4859 303 4921 rumque
320 4841 507 4922 pronitatem
532 4838 638 4899 acrius
659 4836 821 4917 aranebat,
844 4834 1153 4917 ipsnmpnpionibus
1168 4832 1595 4914 confossnn'interemerunt,
1613 4849 1702 4912 quem
1724 4831 1806 4893 inter

174 4965 292 5028 Christi
308 4973 459 5045 martprcs
473 4966 583 5029 summi
608 4966 768 5047 pontificis
786 4965 958 5028 autoritate
971 4982 1030 5027 ren
1055 4963 1231 5039 numerari,
1252 4970 1280 5025 et
1303 4961 1400 5024 cidem
1424 4960 1547 5040 insipne
1576 4969 1806 5024 monumentum

174 5096 209 5157 in
224 5096 482 5160 sodemcoenobio
498 5098 578 5176 cripi
590 5097 643 5177 pic
653 5098 791 5160 curavit.

215 5241 292 5315 523.
310 5241 396 5302 llaec
411 5236 509 5319 igitur
524 5244 706 5304 testimonia
721 5286 730 5319 ,
748 5242 985 5324 qualiacunque
1000 5247 1096 5316 sunt,
1115 5237 1295 5323 adjicienda
1310 5238 1406 5303 nobis
1424 5237 1493 5301 visa
1518 5242 1605 5300 sunt.
1622 5237 1755 5297 Errores
1771 5233 1805 5297 in

177 5351 309 5422 loannis
327 5359 412 5422 Scoti
429 5359 533 5436 libris,
547 5360 604 5441 qui
620 5369 817 5441 supersunt,
837 5361 940 5441 sparsi
953 5368 1007 5424 aut
1022 5360 1150 5440 seriptis
1167 5357 1466 5436 Pseudo-Dionysii
1485 5356 1654 5429 nituntur,
1682 5357 1738 5415 aut
1766 5369 1805 5414 ex

179 5477 339 5540 similibus
365 5477 668 5558 Neoplatonicorum
683 5479 795 5553 libris,
823 5495 962 5561 quorum
988 5480 1129 5560 ailquam
1148 5479 1273 5558 capiam
1296 5478 1513 5543 bibliothecae
1530 5468 1728 5536 Parisienses
1743 5469 1806 5549 ipsi

183 5597 400 5676 suppeditasse
416 5594 590 5667 videntur,
615 5594 722 5659 hausti
740 5603 827 5659 sunt.
853 5598 1091 5676 Nonnunquam
1118 5613 1193 5659 vera
1212 5596 1357 5674 Originis
1373 5612 1504 5677 quaque
1522 5592 1617 5656 salsas
1633 5590 1805 5669 opiniones

190 5717 269 5782 citat.
286 5712 343 5809 De'i
357 5698 400 5803 n'e
415 5717 537 5798 naccis
555 5715 700 5780 Patribus
716 5717 768 5781 SS.
784 5718 956 5798 Gregorius
970 5717 1152 5797 Nysseuum
1171 5723 1201 5778 ct
1215 5716 1462 5792 nazianzenum,
1479 5722 1508 5778 st
1526 5715 1556 5777 S.
1572 5711 1747 5789 Basiliam,
1763 5728 1805 5778 ex
