3984 6534
170 455 292 469 ..θ’-1,..
330 463 332 467 .

482 477 527 536 un
546 476 713 539 umstouu
730 474 913 541 ntrunss.
925 504 961 521 -
978 475 1080 536 annu
1097 476 1257 539 renatus.
1450 462 1458 468 ’
1622 475 1674 540 rat

155 603 246 662 taqua
260 584 357 663 iriqida
374 590 493 648 ariditati
515 600 604 649 terrae
616 593 701 649 mixta
713 593 741 649 in
754 592 836 650 semi-
851 598 877 659 Α
891 593 1070 650 materialium
1085 608 1177 649 rerum
1196 590 1353 650 sensibilem
1366 589 1587 660 constitutionem
1597 608 1677 665 prae·

155 681 209 755 ipit,
220 688 250 738 et
261 696 315 739 non
327 682 446 751 patitur,
460 682 523 738 boio
534 683 601 739 satis
610 691 652 739 est
665 680 839 754 respondere,
889 686 1019 742 stantium
1045 691 1204 741 conventus.
1235 682 1365 752 Quamuis
1393 683 1483 754 itaque
1514 682 1680 755 qualitatum

165 770 293 857 frigidam
313 775 572 841 essestlrumidam,
591 775 638 832 scd
652 774 840 831 humiditatem
890 774 1021 848 quaedam
1045 775 1155 846 quidem
1177 777 1204 831 in
1234 774 1393 846 quibusdam
1421 775 1579 846 corporibus
1604 775 1676 846 plus,

155 879 188 934 u,
208 863 382 937 tripiditatem
401 879 466 922 rcro
486 882 502 922 a
524 866 613 938 seipsa
632 865 839 939 reciperetur
889 869 1022 940 quaedam
1043 882 1109 924 vero
1132 867 1222 922 minus
1241 864 1365 923 sensibus
1387 876 1544 936 appareant,
1557 866 1678 938 synodus

155 964 195 1024 ta,
216 969 299 1026 quam
322 967 357 1013 οι
381 955 470 1013 viduo
491 956 542 1014 sibi
565 949 698 1014 elemento
715 957 839 1028 suscipit,
891 970 980 1017 tamen
993 960 1113 1032 ipsorum
1128 958 1323 1016 cstbolioomm
1345 957 1539 1016 elementorum
1558 973 1611 1015 una
1630 972 1677 1017 aa·

158 1044 239 1105 eutii
251 1045 369 1118 potitum
386 1060 419 1103 ea
430 1062 505 1114 veno,
517 1060 589 1119 quaa
602 1063 651 1104 sits
667 1055 721 1117 eal.
733 1061 840 1120 sember
890 1054 1005 1126 demque
1025 1052 1196 1111 uniformiter
1223 1051 1471 1110 commensurabilis
1497 1052 1525 1107 ln
1550 1049 1677 1108 omuibus

155 1133 244 1193 hibita
259 1135 325 1208 aqit.
349 1134 415 1204 Quis
433 1136 504 1193 enim
520 1137 683 1195 naturalium
705 1140 839 1197 rationum
889 1152 940 1200 est.
967 1142 1042 1200 llens
1066 1141 1199 1215 siquidem
1225 1142 1316 1199 divina
1339 1140 1566 1197 examinationem
1594 1139 1677 1197 totius

155 1262 157 1275 ¹
182 1224 307 1296 With
331 1224 417 1283 ”lim
439 1225 625 1298 mimmius
644 1228 655 1259 ¹
675 1227 839 1285 caliditatem
889 1233 1019 1291 mundani
1034 1234 1156 1305 corporis
1169 1233 1241 1290 inter
1254 1233 1322 1290 duas
1334 1232 1519 1289 extremitates
1535 1231 1586 1288 sibi
1602 1231 1676 1289 inri-

155 1342 157 1348 ·
173 1313 266 1387 attqm
276 1314 288 1348 ⁸
298 1313 490 1388 “fritidiiiie
503 1325 724 1389 lemisstimlniot
736 1326 783 1375 aut
792 1333 838 1376 so-
889 1339 948 1382 cem
961 1339 978 1382 e
991 1326 1128 1383 contrario
1139 1325 1278 1397 oppositas
1289 1325 1394 1394 aequali
1408 1324 1484 1379 lance
1496 1323 1614 1388 librauit,
1631 1324 1675 1379 in·

155 1418 310 1476 mnusque
321 1402 494 1477 frigiditatem
504 1407 563 1463 sine
572 1407 839 1477 quadamcaliditatis
888 1421 932 1471 ter
952 1415 1111 1487 gravitatem
1123 1415 1183 1471 dico
1195 1426 1224 1471 et
1244 1413 1392 1480 lenitatem,
1416 1412 1488 1468 inter
1509 1426 1576 1482 quas
1587 1411 1677 1468 omnis

155 1494 320 1568 recludam
346 1493 492 1568 ‘corporis
516 1497 617 1556 nullam
636 1501 838 1575 generationem
888 1505 1065 1564 eonstitutlo’
1076 1505 1221 1563 visibilium
1234 1520 1377 1577 corporum
1389 1492 1537 1576 ponderata
1548 1510 1599 1559 est.
1610 1500 1677 1558 l’ro-

159 1595 209 1647 aot
227 1603 262 1647 ex
285 1589 342 1647 sola
366 1589 536 1659 humiditate,
557 1593 694 1651 seu¹sols
714 1595 838 1654 ariditate
889 1599 1055 1657 indeomnia
1071 1613 1195 1671 corpora,
1210 1597 1238 1654 in
1252 1595 1555 1669 quantumqravitatem
1567 1592 1677 1665 partici-

155 1679 264 1752 rinaqus
282 1681 513 1751 contemperantia
526 1682 627 1738 nullum
643 1683 840 1755 eorpus'natn·
888 1697 963 1763 pant,
990 1689 1019 1744 in
1048 1696 1154 1744 tautum
1177 1696 1349 1745 terrenarum
1376 1686 1537 1756 qualitatum
1566 1682 1678 1754 capacia

155 1769 240 1829 tainus
250 1769 348 1826 nasoil
361 1769 449 1828 labis
459 1779 559 1838 tamen,
574 1772 713 1845 inquibus
726 1775 838 1831 munda·
887 1788 952 1836 sunt
961 1778 1054 1846 ¹⁰,boe
1064 1774 1496 1846 est,soliditatis,etstabilitatis;
1508 1775 1677 1844 inquantum

155 1860 303 1932 llssopbiae
320 1862 439 1919 studium
451 1873 605 1930 exercetur,
619 1864 725 1938 longius
740 1866 837 1924 immo·
887 1887 953 1929 uero
965 1885 1000 1927 ex
1013 1869 1122 1926 levitate
1131 1869 1282 1935 attrabunt,
1299 1868 1327 1923 iu
1341 1874 1444 1923 tantum
1458 1864 1602 1936 qualitates
1614 1877 1677 1921 cae·

155 1950 262 2008 araldo
280 1958 324 2008 est
346 1951 540 2008 necessarium.
559 1951 674 2010 Proinde
686 1955 779 2027 paucis
795 1954 839 2012 bis
851 1969 876 2034 ῃ
889 1959 970 2018 lestes
981 1959 1154 2032 participant,
1169 1957 1326 2014 inanitatem
1341 1957 1401 2015 dieo
1412 1964 1440 2012 et
1453 1955 1674 2022 mutabilitatem

155 2048 230 2101 liuor
242 2041 417 2116 qualitatibus
431 2051 559 2114 quattuor
571 2044 764 2101 uniuersalium
785 2045 840 2103 ele·
888 2049 977 2107 media
986 2055 1166 2118 autem,quae
1174 2046 1256 2102 simili
1266 2045 1408 2101 libramine
1417 2043 1677 2101 extremitates¹¹at·

155 2148 207 2191 'aaa
225 2133 390 2207 praelibatis,
410 2149 490 2206 quse,
516 2136 643 2206 qnoniam
667 2136 840 2194 medietatem
890 2139 1006 2210 linqunt,
1017 2135 1122 2207 aequali
1131 2133 1337 2207 participatione
1346 2130 1677 2204 illarumqualitatespos·

155 2240 186 2283 nt
207 2224 281 2283 inter
303 2224 493 2299 primordiales
517 2240 614 2282 causas
638 2233 666 2281 et
691 2229 839 2298 composita
888 2226 986 2284 sidem.
995 2226 1029 2291 ‚ln
1040 2224 1165 2282 omuibus
1174 2233 1265 2279 autem
1276 2230 1402 2293 quattuor
1411 2220 1675 2285 elementorumuni·

155 2316 309 2382 tcbdnent,
326 2316 489 2373 lismamenti
502 2331 600 2373 nomen
615 2326 788 2388 aeceperunt,
803 2319 839 2376 ad
888 2315 1032 2373 sersalium
1043 2329 1114 2370 unus
1124 2315 1249 2384 idemque
1257 2321 1347 2370 motus
1356 2320 1408 2376 est,
1418 2320 1446 2367 et
1455 2320 1676 2384 status,eteapa·

155 2404 231 2470 nou,
244 2420 314 2477 qnae
340 2405 368 2461 in
385 2406 443 2477 ipso
458 2406 604 2463 constituta
623 2407 717 2474 sunt‘,
730 2410 839 2478 exposi·
889 2407 968 2473 citas,
976 2413 1004 2460 et
1012 2405 1159 2477 possessio.
1170 2404 1240 2460 blac.
1252 2402 1433 2461 Probabiliter
1446 2417 1606 2472 responsum
1621 2410 1672 2458 est.

170 2495 370 2568 properandum
393 2495 481 2552 rideo.
509 2494 580 2551 ilar„
595 2494 679 2553 ilecto
700 2497 785 2554 rides.
809 2498 839 2557 Si
888 2493 1676 2567 lnboceuimontnespbysicioonseutiunt.Ubiqueiqitur

155 2584 239 2642 smine
247 2584 413 2665 llrmamenti
430 2592 558 2654 quattuor
569 2585 767 2657 simplicissima
779 2588 840 2645 uni·
888 2596 952 2645 sunt
964 2602 1013 2659 per
1024 2595 1110 2645 toturn
1128 2586 1281 2645 sensibilem
1301 2586 1430 2643 mundum
1447 2585 1555 2657 aequali
1567 2600 1676 2642 mensu·

155 2673 286 2745 tsimaque
300 2673 392 2730 mundi
406 2674 538 2732 elementa
552 2685 696 2744 vocantur,
710 2677 774 2748 quid
790 2679 839 2737 tibi
889 2678 995 2734 ratione
1007 2686 1088 2750 atque
1097 2691 1231 2734 concursu
1241 2684 1369 2748 quattuor
1375 2675 1520 2747 purissima
1530 2674 1674 2740 elementa,

158 2762 253 2821 illum
264 2763 311 2820 illa
323 2772 451 2835 quattuor
459 2765 560 2836 ubique
570 2766 597 2822 iu
607 2767 698 2823 omnia
712 2782 838 2844 corpora,
889 2769 1052 2831 iit'mameoti
1074 2767 1206 2830 uocabulo
1228 2767 1318 2828 diviua
1346 2766 1506 2826 attctoritate
1530 2763 1674 2835 appellata.

155 2852 255 2921 tltsrea,
266 2853 324 2909 aive
335 2867 427 2915 nerea,
444 2853 500 2915 sire
510 2855 646 2930 aquatica,
663 2861 720 2918 sire
731 2871 839 2917 terrena
890 2863 963 2919 litso.
977 2863 1038 2920 lant
1059 2863 1153 2920 datum
1167 2870 1219 2927 est,
1232 2870 1261 2917 et
1273 2861 1378 2917 ratione
1389 2861 1538 2916 inventurn.
1557 2847 1676 2914 Graeco-

155 2951 236 3007 umus
255 2958 389 3016 culmem,
402 2944 440 3006 ita
459 2958 490 3006 ut
508 2949 609 3007 nullum
629 2951 756 3008 sensibile
775 2966 839 3008 our·
889 2967 1069 3025 rumquoque
1081 2953 1219 3008 nominum
1230 2949 1418 3020 interpretatio
1431 2949 1575 3014 teatisestr
1590 2946 1676 3017 siqui·

155 3039 341 3114 stilreperiri,
367 3043 439 3113 qnod
454 3041 560 3100 illomm
572 3045 691 3100 omniurn
711 3045 734 3077 ⁸·
748 3053 841 3102 careat
890 3043 951 3100 dem
966 3051 1020 3122 πῦρ
1042 3043 1112 3115 iqnis
1131 3051 1275 3112 propterea
1289 3039 1398 3105 dicitur,
1417 3046 1448 3095 ut
1468 3037 1599 3105 arbitmr,
1610 3035 1674 3106 quia

155 3124 208 3192 sul¹
226 3135 268 3191 ln
287 3136 419 3207 quaedam
443 3151 477 3191 ex
495 3137 667 3207 quibusdam,
681 3151 735 3194 non
749 3145 839 3194 summ
889 3150 938 3207 per
951 3150 1043 3208 poros,
1060 3135 1112 3190 boc
1123 3140 1176 3200 cst,
1185 3132 1306 3190 occultos
1319 3140 1424 3188 meatus
1438 3130 1529 3187 omnia
1539 3136 1674 3213 penetrat.

155 3241 188 3284 ea
202 3227 328 3284 omnibus
339 3225 499 3286 condonati
512 3229 587 3287 lisso.
603 3229 671 3286 lluic
685 3232 838 3303 quaestioni
889 3225 999 3283 llullum
1021 3225 1094 3283 enim
1115 3239 1213 3297 corpus
1227 3231 1280 3290 est,
1300 3237 1334 3279 ex
1354 3237 1409 3293 quo
1422 3222 1492 3295 ignis
1509 3220 1599 3277 eneuti
1620 3234 1675 3277 non

155 3330 208 3373 tam
221 3322 264 3373 est
275 3316 441 3386 satisfacere,
448 3319 577 3389 qnoniam
590 3334 605 3374 a
620 3320 873 3400 muudipbiloso-(=¹
887 3316 986 3383 ualeat,
1010 3315 1151 3374 collisione
1175 3315 1291 3388 quadam
1315 3320 1456 3370 attractus.
1471 3310 1539 3369 llam
1551 3319 1580 3370 et
1591 3311 1615 3345 ¹⁹
1632 3317 1677 3368 at·

155 3406 252 3463 sarcita
273 3415 326 3474 est,
347 3415 375 3464 et
396 3408 594 3467 rationabiliter
610 3411 730 3468 intenta.
755 3413 839 3470 liunt
889 3407 1113 3465 tritusundamm
1126 3404 1274 3465 scintillant
1286 3404 1320 3471 ¹⁸,
1335 3417 1386 3462 nec
1397 3403 1506 3460 omnino
1520 3408 1674 3467 currerent.

158 3495 231 3552 intra
248 3495 374 3554 ambitura
386 3499 572 3572 mundibuius
585 3501 721 3558 sensibilis
735 3501 838 3560 nullom
888 3499 913 3556 si
947 3497 1092 3556 caliditatis
1126 3506 1251 3570 expertes
1276 3503 1376 3554 essent.
1412 3494 1483 3564 Quin
1519 3495 1608 3551 dicam
1640 3492 1676 3550 de

169 3584 321 3644 interuallis
339 3586 351 3621 ¹
368 3585 554 3661 longitudinis,
567 3587 729 3658 latitudinis,
744 3588 837 3647 altito-
889 3589 1044 3657 coloribus,
1068 3588 1114 3661 qui
1136 3588 1172 3646 de
1194 3587 1215 3620 ¹⁸
1242 3586 1312 3646 lucis
1338 3595 1436 3669 natura
1461 3585 1563 3657 absque
1592 3583 1675 3641 dubio

155 3677 289 3735 imenaum
302 3693 382 3751 posse
396 3679 465 3749 deri,
477 3681 504 3738 in
519 3697 573 3753 quo
581 3691 709 3754 quattuor
720 3685 838 3743 elemen-
887 3679 1056 3750 procedunt?
1085 3676 1181 3735 lloune
1193 3677 1216 3711 ¹⁸
1231 3676 1356 3734 omnibus
1372 3673 1531 3745 corporibus
1551 3670 1676 3743 superiu-

155 3777 261 3836 namra,
276 3769 399 3841 quamvis
422 3770 605 3841 invisibiliter,
622 3789 676 3830 non
695 3774 785 3832 ualeat
798 3777 840 3832 in·
888 3791 934 3834 sos
964 3788 1024 3832 esse
1052 3773 1196 3831 ridemusl
1225 3771 1281 3828 ber
1313 3769 1468 3826 nominatur
1497 3766 1531 3833 ¹⁸,
1567 3765 1595 3821 ld
1621 3771 1675 3830 est,

160 3855 229 3915 llarn
247 3859 420 3927 sioutomne,
436 3861 507 3931 quod
528 3878 624 3920 sensus
647 3878 793 3936 corporeus
811 3866 839 3923 in
888 3864 1010 3936 spiritus,
1038 3862 1100 3933 quia
1126 3874 1175 3932 por
1203 3859 1294 3916 omnia
1325 3858 1420 3928 spirat.
1456 3852 1533 3908 linita
1556 3865 1675 3922 namque

155 3950 223 4033 nplt,
234 3964 289 4007 non
304 3950 413 4009 aliunde
424 3952 477 4010 nisi
489 3969 523 4010 ex
540 3955 699 4027 qualitatum
711 3965 840 4029 quattuor
889 3951 1024 4010 sensibilis
1062 3959 1158 4005 natura
1192 3954 1253 4014 est,
1281 3960 1364 4018 quam
1400 3941 1593 4002 subtilissimus
1627 3955 1676 3998 aer

155 4047 246 4099 lorum
260 4040 385 4100 conduxn
398 4043 428 4098 in
447 4046 604 4102 seinvicem
619 4063 684 4104 suae
705 4051 839 4106 eonstitu-
888 4052 1031 4116 penetrare
1062 4055 1116 4097 non
1147 4039 1243 4113 possit.
1273 4037 1350 4108 Quod
1378 4053 1412 4095 ex
1443 4035 1573 4095 odoribus
1597 4042 1627 4093 et
1652 4032 1675 4071 ¹*

155 4133 291 4190 undem
315 4134 326 4166 ⁸
350 4131 464 4205 reeipit;
489 4135 527 4192 ita
540 4150 630 4204 omne,
643 4140 714 4209 quod
735 4140 762 4196 in
783 4141 839 4198 eis·
888 4134 1116 4205 sonispossumus
1129 4129 1321 4205 argumentari.
1334 4127 1475 4186 Noneuim
1488 4127 1674 4185 inuenisscor·

155 4231 315 4294 aquantum
331 4238 444 4296 corpora
457 4233 530 4293 sunt,
544 4227 712 4286 rationabilis
727 4230 839 4287 inresti-
889 4242 951 4299 pus,
965 4224 1037 4296 quod
1046 4223 1304 4296 quendam'odorem
1313 4220 1513 4285 olfacieniiiub
1526 4226 1573 4274 ²¹¹²
1591 4232 1677 4288 quen-

155 4314 259 4382 mlib
274 4313 311 4370 nil
327 4313 400 4372 aliud
416 4324 458 4372 est
473 4324 581 4388 praeter
599 4317 719 4389 ipsorum
738 4320 841 4391 simpli·
890 4318 952 4375 dam
964 4330 1060 4372 sonum
1080 4312 1249 4386 pulsantibus
1270 4326 1324 4367 non
1338 4312 1443 4369 reddat.
1457 4309 1541 4385 'alep
1553 4315 1675 4375 vocatur,

155 4410 185 4460 et
206 4403 427 4476 inseparabilium
453 4405 648 4464 elementorum
671 4409 841 4467 uniformiter
891 4408 918 4465 id
934 4416 976 4464 est
992 4421 1074 4479 aqua,
1088 4405 1166 4478 quasi
1182 4401 1249 4466 siloe
1272 4404 1408 4480 ὁρώμενον,
1432 4403 1484 4458 boc
1506 4407 1557 4467 est,
1572 4400 1678 4471 speclea

155 4502 227 4551 unm.
250 4493 314 4551 ideo
336 4503 427 4552 autern
452 4495 573 4552 additum
591 4504 644 4562 est,
658 4498 686 4554 in
710 4506 840 4570 quantum
890 4483 1053 4556 ui'sasllulla
1067 4497 1199 4568 siquidem
1212 4509 1341 4566 corporea
1355 4500 1513 4558 resest‚ex
1526 4489 1603 4563 cujus
1626 4507 1676 4548 su·

155 4590 258 4650 nsunt,
277 4597 313 4641 ne
333 4584 395 4656 quis
407 4584 586 4653 existimaret,
606 4601 656 4644 nos
677 4589 841 4647 substantias
891 4590 1012 4663 perileie,
1037 4590 1131 4645 attritu
1154 4586 1272 4657 quodam
1290 4584 1417 4658 levigata,
1432 4583 1521 4654 imago
1542 4581 1678 4654 quaedam

155 4715 158 4741 .
179 4688 228 4734 tea
249 4689 359 4748 genera,
379 4689 425 4731 seu
449 4675 566 4747 species,
585 4691 632 4733 seu
657 4676 729 4734 illam
747 4678 839 4748 vitam,
853 4664 1023 4739 Dresultare
1036 4695 1090 4737 non
1104 4675 1309 4749 ualeat'axtoc
1322 4675 1472 4748 appellatur
1485 4683 1601 4731 termes
1612 4689 1677 4746 qra-

155 4762 229 4822 mnla
244 4778 368 4836 corpora,
379 4765 409 4830 ,in
425 4764 523 4837 quibus
536 4774 625 4825 motus
636 4768 726 4825 vitalis
739 4785 840 4842 coquo-
890 4772 984 4829 vitate.
998 4769 1056 4827 lton
1067 4770 1138 4827 enim
1148 4768 1231 4825 ullum
1243 4769 1374 4840 ¹⁸corpus
1387 4774 1429 4825 est
1439 4766 1473 4835 ¹⁹,
1483 4766 1555 4838 quod
1565 4779 1679 4838 propor-

172 4861 202 4913 et
232 4853 353 4912 animare
373 4862 402 4912 et
422 4854 526 4912 nutrire
552 4856 720 4928 perhibetur,
741 4860 768 4916 in
790 4861 841 4919 boc
892 4864 964 4920 tione
977 4863 1018 4920 sui
1031 4861 1159 4936 ponderis
1172 4860 1323 4918 naturalem
1337 4875 1415 4916 suum
1428 4857 1517 4916 loenrn
1531 4872 1585 4915 nou
1598 4871 1679 4929 appe·

155 4944 253 5018 thisse
271 4945 316 5003 rel
326 4954 467 5003 tractasse.
481 4945 555 5004 llaec
566 4948 639 5005 enim
652 4950 723 5008 ultra
733 4968 841 5012 omnem
892 4961 944 5019 tat,
954 4953 1011 5010 siue
1039 4953 1066 5009 in
1081 4951 1199 5008 medium
1213 4950 1317 5018 mundi,
1332 4949 1388 5006 sire
1401 4948 1428 5005 in
1445 4957 1567 5007 extrema
1580 4961 1676 5019 sarga-

155 5032 247 5093 aalitcr
258 5048 417 5108 corpoream
429 5044 554 5092 naturam
566 5045 593 5092 ct
610 5046 685 5107 sunt,
707 5049 735 5096 et
744 5042 843 5099 intelli·
893 5052 947 5100 tur.
960 5042 1015 5101 ileo
1028 5044 1100 5102 buno
1114 5060 1223 5103 sensum
1234 5043 1333 5100 relutat
1343 5042 1408 5101 illud
1422 5041 1494 5100 aliud
1509 5056 1607 5098 nomen
1623 5047 1678 5095 ter-

155 5132 213 5194 r‚ct
233 5127 292 5183 sine
313 5127 411 5197 quibus
432 5120 504 5182 nulla
516 5143 645 5198 corporea
659 5138 767 5199 natura,
786 5134 843 5192 sire
896 5150 952 5204 rae,
967 5135 1039 5209 qnod
1051 5139 1150 5210 eulpa,
1164 5135 1235 5208 quod
1249 5135 1357 5207 proprie
1371 5133 1466 5190 vadem
1479 5131 1628 5204 siqnidem
1643 5130 1680 5186 si·

155 5214 339 5286 prehensibilis
362 5215 398 5271 sit
417 5215 543 5272 sensibus
561 5219 710 5288 corporeis,
727 5229 759 5276 ut
780 5233 843 5281 sunt
896 5219 1678 5300 quidemuuiuseujusqueereaturaesstrallislocusqoe¹·,

155 5319 187 5362 θ’
203 5304 250 5361 ¹¹¹²
269 5303 412 5371 dimidiis
425 5304 459 5360 αθ
472 5304 570 5374 quibui
581 5320 653 5363 ”¹¹⁰⁰
672 5309 771 5378 agitur,
785 5311 843 5369 tite
895 5319 924 5376 in
935 5335 989 5392 quo
1000 5319 1107 5392 propria
1122 5332 1172 5374 sua
1184 5317 1340 5374 delinitione
1352 5311 1590 5371 circumscribitur.
1610 5305 1677 5362 Cum

155 5394 332 5464 sbcnsibilis,
354 5403 386 5451 ut
408 5401 473 5452 suut
493 5394 661 5454 diversarum
683 5398 960 5493 qualitstomsserqo
983 5407 1091 5481 aliquod
1104 5404 1397 5480 oorpnsperspescris.
1418 5403 1442 5461 si
1458 5401 1486 5459 in
1506 5414 1540 5458 eo
1561 5396 1680 5456 colorem

702 5531 829 5591 tantan
846 5513 1037 5596 undironus

155 5647 208 5721 nl„
226 5646 271 5704 AC
289 5645 423 5718 recipient.
483 5629 716 5702 ’dilacerem'
730 5639 935 5709 'risilo.''⁸d
951 5644 1121 5726 cajusqsarnl
1154 5653 1261 5709 'Aoni
1281 5637 1331 5709 css
1370 5649 1502 5708 ‘Amul
1523 5632 1680 5705 constituta.

155 5721 217 5774 ism
234 5718 336 5773 omri.
373 5715 624 5775 ’Aimellsctuulic
660 5717 708 5771 'A
723 5719 870 5778 motorium.
917 5723 1106 5779 ‘dnredietaa
1145 5723 1271 5778 ”aiunt
1291 5722 1410 5793 capacia.
1459 5719 1680 5775 “ammaim-

160 5788 330 5845 ¹¹etom.l.
370 5785 575 5844 ”censitae
613 5786 722 5842 ¹‘Cen
763 5788 906 5852 stanton.
945 5792 1174 5850 “leoninum
1212 5791 1320 5849 titius.
1357 5792 1381 5827 ¹⁸
1394 5791 1446 5851 Pro
1458 5792 1588 5849 nonenim
1598 5787 1681 5844 allam

155 5876 207 5916 sm.
246 5859 416 5920 ”estonum
453 5856 754 5933 ”Clocualqueomb
988 5877 990 5881 ·

1707 5355 1714 5404 l
