3984 6534
672 432 860 534 srtsrotn‘
872 474 917 533 aa
937 427 1108 537 asennaa.
1618 452 1713 526 ttat‘·

155 598 174 640 ο
186 583 335 656 spiritalem
352 584 436 644 lilium
447 595 580 656 nostrum,
607 589 736 647 domnum
759 592 847 647 hudo·
860 598 884 655 Α
899 602 926 648 οι
939 594 966 649 ιιι
981 596 1091 651 archivo
1105 603 1198 652 nostro
1211 593 1291 654 hodie
1306 594 1349 653 illa
1364 595 1503 655 recondita
1517 598 1688 660 retinemusl

159 677 350 748 imperatorem
365 683 525 753 Atrgrtstum,
548 683 624 754 regni
637 683 716 755 htrjus
735 685 845 755 provin·
897 684 974 752 Quod
988 686 1073 743 since
1088 688 1136 743 tihi
1151 688 1204 744 ista
1220 688 1368 757 sufficiunt,
1392 698 1456 746 tune
1470 690 1504 745 ad
1519 690 1629 761 nlaioris
1645 709 1688 747 re-

155 772 233 830 :ilicet
256 772 350 831 Galliae
373 766 583 848 totius,'regcm,
601 777 739 832 dominum
754 787 782 833 et
797 778 847 833 im·
896 779 1086 848 prehensionis
1102 788 1154 836 tuas
1168 781 1305 837 cumulum
1326 782 1380 838 tuis
1404 791 1430 837 te
1452 781 1614 852 specialibus
1627 799 1689 838 seu-

155 882 219 934 rem,
247 867 327 923 sicuti
351 865 408 938 jam
433 869 526 924 olima
549 869 605 926 Deo
634 869 845 940 praeordinatum
896 870 988 925 tentiis
1011 873 1205 937 convenimus,
1220 881 1248 928 et
1268 879 1298 927 ut
1311 872 1346 927 ad
1359 887 1408 929 cor
1431 882 1506 928 tuum
1530 875 1637 938 redeas,
1655 889 1688 929 ex

155 967 244 1023 instat,
258 968 285 1014 et
300 960 334 1014 ah
345 960 565 1017 antecessoribus
590 963 690 1018 nostris
712 961 846 1033 pontiftei·
895 960 952 1016 oris
977 960 1016 1015 tui
1041 961 1258 1032 professionibus
1283 963 1436 1019 incitamus.
1471 965 1583 1035 Quando
1607 965 1689 1037 igitur

154 1042 258 1107 atuttihr
280 1053 372 1107 mttltis
386 1054 491 1109 videtur
515 1054 631 1120 indiciis,
651 1055 794 1122 habemus,
819 1066 846 1112 et
895 1051 1034 1121 Ludovici,
1051 1053 1143 1110 fratris
1159 1055 1197 1110 tui
1211 1054 1270 1121 lilii,
1282 1064 1425 1126 superatus
1445 1055 1560 1123 viribus,
1575 1072 1687 1127 reguum

155 1158 195 1214 pue
207 1142 370 1212 superfuerit
382 1145 450 1214 ipse,
466 1160 527 1200 eum
541 1146 642 1202 hahere
666 1147 843 1204 studebimus.
895 1146 1054 1216 perdidisti,
1080 1146 1202 1218 nunquid
1218 1162 1272 1202 non
1287 1146 1446 1218 epistolam,
1462 1164 1543 1218 quam
1557 1148 1688 1203 habemus

155 1250 213 1291 sane
227 1251 339 1307 reguum
358 1237 380 1292 si
395 1246 524 1308 tyrannus
539 1237 648 1308 aliquis,
664 1247 758 1295 contra
774 1240 843 1296 divi·
895 1251 951 1307 prae
964 1238 1101 1301 utanibus,
1117 1237 1175 1293 sedi
1189 1238 1343 1307 apostolicae
1356 1237 1477 1293 direxisti
1490 1239 1502 1292 l
1515 1239 1541 1293 in
1553 1253 1606 1308 qua
1618 1238 1689 1294 inter

155 1326 348 1396 aspostolicam
363 1327 540 1393 voluntatem,
565 1328 692 1387 mandere
715 1347 846 1402 praesum-
895 1340 992 1387 catera
1020 1330 1163 1388 confessus
1179 1331 1256 1386 fuisti
1280 1331 1390 1387 dicens:
1408 1330 1475 1386 Cum
1496 1329 1625 1387 fratribus
1638 1344 1688 1386 nov

160 1416 314 1486 apostolicae
328 1418 386 1472 siue
402 1433 477 1474 mora
492 1420 636 1476 sustinebit
650 1421 761 1480 ultionis
784 1440 846 1481 ceu·
896 1423 960 1477 stris
972 1431 1035 1493 post
1048 1422 1227 1478 fontanicum
1240 1421 1341 1478 bellum
1357 1422 1384 1476 in
1401 1437 1484 1476 unum
1498 1421 1688 1487 adinvenimus,

155 1506 301 1580 ,Optamus
315 1510 483 1567 nobilitatem
503 1523 621 1570 vestram
651 1516 774 1572 unanimi
800 1518 846 1573 de·
894 1522 932 1578 et,
946 1512 1018 1569 iuter
1035 1527 1084 1568 uos
1099 1513 1231 1568 divisione
1243 1527 1388 1583 regnorum
1401 1511 1494 1578 faeta,
1514 1528 1608 1585 pacem
1623 1512 1690 1569 feci·

155 1615 161 1655 r
175 1600 335 1667 consistere,
351 1611 379 1658 et
394 1603 421 1659 tn
434 1602 572 1661 inmtubili
586 1606 845 1667 charitatisrtnculo
894 1620 966 1672 mus,
977 1603 1195 1679 etiureiurando
1207 1604 1370 1677 iuravimus.
1386 1604 1458 1676 quod
1471 1621 1550 1662 trenno
1564 1615 1689 1662 nostrum

155 1690 345 1764 seonjunctos.
894 1697 971 1769 regni
992 1696 1105 1753 alterius
1131 1704 1218 1753 metas
1234 1696 1386 1752 invaderet.
1410 1695 1487 1752 Nune
1502 1707 1592 1753 autern
1606 1713 1689 1769 regno

408 1805 503 1867 mv,
894 1804 956 1846 meo
966 1789 1130 1860 iuramentis
1152 1790 1251 1861 spretis
1265 1790 1361 1846 ittvaso
1374 1800 1455 1862 atque
1469 1789 1593 1858 sublato,
1611 1793 1691 1848 mise-

895 1887 987 1936 reatur
1000 1889 1092 1936 vestet
1104 1879 1285 1951 apostolatus,
1300 1887 1330 1936 οι
1343 1894 1377 1935 ιιο
1389 1896 1490 1936 nomen
1503 1880 1605 1938 Christi
1619 1880 1691 1938 blas-

856 1968 1039 2043 Bphemetur
1062 1973 1089 2026 in
1104 1972 1241 2044 gentibus,
1264 1971 1324 2050 siue
1346 1972 1502 2028 vindicante
1515 1970 1621 2030 facinus
1637 1989 1690 2028 uon

894 2062 1072 2134 relinquatur.
1100 2063 1171 2119 Eece
1185 2061 1301 2134 qualiter
1316 2063 1404 2120 aliena
1423 2063 1473 2119 tibi
1498 2065 1690 2135 concupiscere

169 2148 285 2218 increpat
299 2150 369 2218 qaod
393 2148 513 2205 lotharii
527 2168 634 2223 regnum
655 2153 795 2220 inuaserat,
818 2165 843 2210 et
894 2155 1005 2210 minime
1019 2156 1145 2213 convenit
1161 2175 1168 2211 ι
1183 2171 1248 2212 οοοο
1264 2156 1313 2211 tihi
1326 2164 1465 2212 ostensum
1479 2164 1536 2222 est,
1562 2159 1633 2227 quod
1646 2157 1690 2227 ju·

155 2237 158 2269 ¹
182 2218 332 2342 ‘flammi'
341 2220 446 2342 flam
463 2223 665 2301 contempserit:
684 2225 843 2308 Wlfflin?
895 2255 1018 2304 ramenta
1032 2247 1139 2320 publice
1158 2240 1399 2319 faeta'contempta
1413 2236 1485 2305 sunt.
1501 2248 1642 2305 Postremo
1655 2249 1689 2305 ad

156 2305 208 2359 qao
250 2305 264 2342 o
279 2305 340 2344 care
360 2300 397 2353 at,
412 2300 436 2344 et
450 2291 517 2346 altos
530 2292 628 2362 legator
639 2293 747 2363 bentpne
758 2312 841 2350 susm-

183 2357 313 2413 Jmmm
334 2359 466 2424 videficet.
492 2359 619 2429 penum,
640 2362 798 2420 wibbodum
811 2382 842 2420 π
894 2337 1015 2396 fortioris
1030 2347 1084 2395 tute
1097 2341 1317 2411 reprehensionis
1333 2340 1477 2408 indicium,
1496 2339 1690 2412 aliquantisper

158 2444 217 2484 nem
232 2429 382 2501 episcopor,
396 2439 421 2486 ct
441 2427 737 2504 Petrumpresbpterttm
752 2437 841 2490 cardi·
895 2439 1076 2487 monstratum
1101 2431 1257 2502 est,'quod
1280 2439 1308 2487 et
1323 2440 1349 2487 te
1368 2431 1530 2502 impunitum
1552 2430 1690 2487 dimittere

155 2515 182 2554 ²⁸·
894 2535 948 2576 nou
965 2520 1104 2578 debemus.
1124 2521 1176 2590 Qui
1191 2522 1262 2593 quod
1275 2522 1320 2578 alii
1334 2521 1424 2578 faeere
1434 2522 1601 2594 precabaris,
1616 2538 1690 2580 nunc

157 2625 224 2667 nnus
237 2611 392 2684 episeopus,
405 2626 500 2669 servus
513 2627 655 2671 servorum
668 2614 728 2685 bet,
743 2616 842 2675 dilect·
895 2611 923 2666 in
936 2610 1019 2668 situili
1039 2628 1121 2684 opere
1137 2613 1184 2668 tihi
1198 2611 1288 2669 facere
1300 2613 1374 2685 justo
1388 2628 1438 2669 nos
1451 2622 1559 2686 oportet
1570 2613 1690 2686 judicio,

155 2719 227 2761 ¹notu
239 2702 356 2776 glorioso
371 2705 439 2777 regi.
896 2711 923 2759 et
938 2710 965 2759 ιο
979 2702 1012 2759 de
1026 2704 1079 2759 tuis
1096 2704 1202 2760 actibus
1215 2704 1373 2776 inerepare:
1390 2705 1526 2775 praecipue
1539 2719 1602 2760 cum
1614 2719 1690 2776 aper·

155 2810 258 2852 crorum
272 2795 364 2866 itaque
385 2795 541 2867 dogmatum
566 2797 778 2856 evidentissimis
792 2801 842 2857 do·
898 2796 951 2853 tius
964 2797 1169 2862 demonstraris,
1182 2795 1254 2866 quod
1267 2795 1346 2852 labiis
1361 2803 1477 2863 tantum
1490 2804 1517 2851 et
1528 2810 1581 2850 non
1596 2794 1689 2863 corde,

155 2885 181 2941 is
192 2893 220 2940 et
231 2885 386 2956 apostolicis
402 2886 582 2943 informamur
595 2889 736 2961 exemplis,
751 2902 781 2947 ut
791 2895 842 2948 mi·
896 2890 1024 2946 deuotum
1038 2897 1141 2945 sancte
1161 2888 1291 2945 Rarotaute
1304 2889 1442 2956 Ecclesia,
1455 2887 1537 2945 veluti
1550 2888 1577 2944 in
1590 2888 1691 2960 episto·

241 1936 275 1977 ao
293 1935 417 1979 eunocutt
434 1937 541 1981 eanvult
559 1938 659 1981 aseae.

352 2032 448 2105 (Anno
464 2033 546 2106 tto.)

155 2990 197 3031 cre
213 2975 360 3033 debeamus
375 2991 437 3032 curu
459 2977 586 3044 mitibus,
610 2989 638 3035 et
659 2982 779 3038 severius
794 2999 843 3055 per
896 2978 930 3034 lis
943 2979 976 3035 ad
992 2979 1150 3035 decessores
1164 2989 1273 3035 nostros
1289 2987 1317 3035 et
1331 2979 1409 3035 nobis
1427 2995 1443 3034 a
1467 2988 1494 3035 tc
1506 2979 1616 3037 directis
1628 2994 1690 3036 eorr-

155 3084 180 3123 m
203 3068 391 3138 delinquentes
413 3070 603 3142 corripiamus.
620 3070 673 3128 Sed
692 3089 780 3145 neque
794 3091 843 3132 uos
895 3071 1006 3139 tinetur,
1021 3080 1049 3128 te
1059 3070 1203 3142 jactitares
1217 3087 1278 3128 esse
1291 3072 1387 3128 ftlium.
1400 3072 1434 3128 Et
1445 3088 1518 3128 ttune
1531 3072 1598 3128 adeo
1610 3072 1690 3129 deto-

157 3175 235 3216 acere
258 3175 422 3231 possumus,
460 3161 484 3217 si
506 3162 625 3233 pastoris
646 3163 733 3220 vicem
756 3166 843 3223 susci·
896 3165 933 3222 tio
945 3165 1006 3221 lldei
1018 3173 1070 3221 tute
1080 3170 1187 3220 cassata
1203 3173 1255 3228 est,
1268 3173 1296 3219 ut
1308 3164 1378 3236 jam,
1391 3163 1454 3236 quia
1468 3163 1690 3221 convenientibus

155 3293 162 3317 ,
179 3266 233 3307 non
247 3266 315 3323 opus
329 3252 463 3322 pastoris,
489 3253 537 3309 sed
558 3257 718 3312 mercenarii
730 3256 841 3313 latibula
896 3257 1033 3328 responsis
1045 3257 1144 3313 missos
1157 3265 1266 3312 nostros
1280 3271 1295 3311 a
1311 3264 1337 3311 ιο
1352 3256 1466 3313 minime
1479 3255 1625 3321 dimisisti,
1636 3272 1690 3312 nn·

155 3349 246 3414 lamur,
260 3356 288 3403 et
302 3347 428 3403 veniente
449 3347 513 3420 lupo
525 3347 654 3420 fugimus,
669 3363 704 3405 ne
716 3348 842 3405 solatium
857 3328 880 3391 C
895 3348 991 3419 bisque
1011 3348 1164 3405 rescribere
1188 3345 1286 3402 callide
1309 3345 1440 3412 omisisti,
1462 3347 1561 3402 missos
1575 3353 1636 3401 tuos
1648 3344 1690 3400 vel

155 3456 231 3496 rmus.
255 3439 343 3512 Super
363 3442 461 3512 quibus
486 3441 552 3498 illud
573 3457 672 3499 cavete
696 3444 843 3512 debemus,
895 3439 1039 3511 epistolas,
1065 3455 1134 3511 quas
1148 3451 1174 3494 te
1188 3439 1336 3494 missorum
1350 3437 1495 3505 indicasti,
1512 3437 1689 3494 hactenusad

155 3531 276 3587 hominus
303 3546 352 3602 per
380 3534 541 3604 prophetam
573 3532 705 3606 loquitur,
725 3535 841 3592 dicens:
894 3530 1246 3603 contemptumapostolicae
1267 3529 1340 3585 sedis
1352 3545 1406 3585 non
1421 3529 1556 3585 direxisti.
1578 3527 1655 3596 Quod
1667 3528 1689 3583 si

155 3621 224 3685 nuti,
248 3636 300 3676 aon
322 3620 436 3678 alentes
448 3621 547 3679 latrare
560 3622 639 3696 (irai.
655 3625 728 3698 srr);
744 3633 845 3683 error.
894 3621 1038 3692 quisalius
1060 3620 1112 3676 tale
1134 3621 1182 3677 tibi
1198 3619 1272 3676 dedit
1291 3618 1451 3686 consilium,
1475 3618 1556 3676 fldem
1577 3620 1649 3675 circa
1664 3627 1691 3675 te

155 3710 368 3781 impostoribus,
385 3713 485 3786 inquit,
499 3715 544 3786 qui
560 3715 701 3786 poscebant
722 3717 843 3788 remetip-
894 3711 1007 3767 minime
1019 3726 1111 3767 veram
1124 3710 1243 3766 servavit
1255 3727 1261 3765 :
1277 3711 1300 3765 si
1313 3718 1403 3764 autem
1414 3709 1442 3763 iu
1453 3707 1505 3764 hoc
1520 3716 1566 3763 tuo
1581 3716 1689 3765 tuntum

155 3802 218 3855 ach.
233 3804 354 3874 xtxtv),
371 3814 400 3860 οι
418 3805 531 3876 reliqua.
548 3805 625 3875 Quod
640 3807 663 3862 si
678 3808 783 3863 eunetis
796 3823 844 3878 pa·
894 3801 1010 3858 consilio
1023 3817 1088 3856 usus
1101 3816 1141 3866 es,
1155 3801 1245 3854 minus
1257 3799 1357 3871 regalis
1372 3797 1531 3854 excellentia
1545 3813 1625 3869 quam
1640 3798 1689 3854 de·

156 3908 169 3947 s
191 3892 325 3949 Dontiuici
340 3895 430 3966 gregis
452 3896 583 3951 hotttinus
605 3912 655 3968 pro
679 3897 783 3954 desidia
802 3913 843 3954 ιω
893 3892 952 3947 buit
962 3892 1035 3947 feeit.
1052 3891 1089 3946 fic
1104 3891 1179 3961 pacis
1193 3905 1258 3944 aero
1270 3897 1299 3943 et
1314 3889 1466 3944 eortcordite
1479 3889 1594 3953 unitate,
1611 3886 1689 3959 eujus

155 3984 212 4039 liter
226 3984 311 4050 dicit,
330 3992 407 4041 tanto
424 3986 510 4058 magis
528 4002 578 4044 uos
592 3986 666 4043 illam
680 3988 843 4045 sententiam
894 3999 944 4040 nos
959 3985 1030 4039 iutcr
1048 3984 1200 4055 piissimum
1214 3981 1350 4038 Caesarem
1364 3992 1391 4036 et
1406 3991 1433 4037 te
1447 3982 1611 4039 mediatores
1629 3996 1690 4039 esse

155 4089 197 4130 are
222 4074 364 4140 debemus,
389 4085 491 4147 quanto
513 4093 569 4149 prae
597 4077 722 4134 omnihus
744 4090 771 4134 et
794 4095 844 4150 pro
894 4075 993 4130 debere
1015 4088 1206 4144 suggesseras,
1234 4069 1415 4129 libentissime
1446 4072 1632 4145 suscepimus,
1662 4079 1690 4128 et

155 4181 189 4230 ts,
214 4180 267 4221 non
291 4166 378 4221 solum
394 4167 523 4235 honoris,
546 4169 689 4224 sedetiam
710 4171 801 4226 oneris
816 4172 844 4227 ia
894 4180 974 4236 agere
1002 4165 1146 4235 eoepimus.
1172 4163 1225 4220 Sed
1247 4163 1284 4219 illi
1307 4171 1403 4220 contra
1426 4164 1519 4223 hostes
1539 4164 1688 4223 Christiani

158 4256 285 4316 suoslris
301 4259 421 4331 pondera
437 4276 544 4331 quoque
557 4271 704 4333 gestamus.
727 4261 769 4319 An
789 4279 844 4319 non
894 4256 1012 4331 nominis
1029 4255 1182 4319 dimicanti,
1198 4269 1247 4325 pro
1269 4254 1431 4311 liberatione
1447 4255 1541 4328 populi
1560 4256 1607 4312 hei
1621 4256 1690 4311 mul·

155 4392 156 4406 .
172 4364 238 4415 rex,
264 4350 397 4407 rationem
414 4367 506 4408 eoram
521 4353 637 4408 manino
651 4369 752 4426 ponere
767 4368 842 4409 com·
895 4348 929 4404 tis
943 4347 1083 4404 laboribus
1095 4345 1249 4413 insistenti,
1271 4355 1299 4401 et
1310 4345 1380 4401 bella
1395 4345 1504 4401 homini
1517 4345 1683 4417 praliando,

155 4440 197 4495 rrl
214 4441 248 4507 si,
261 4449 291 4495 ut
305 4441 369 4495 illud
384 4442 493 4497 interim
506 4443 645 4510 sileamus,
660 4444 732 4515 quod
746 4444 844 4500 missos
895 4439 1107 4495 Sarracenorum
1120 4436 1319 4492 multitudinem
1332 4437 1482 4507 superanti,
1495 4443 1525 4490 ut
1536 4451 1588 4507 pax
1601 4434 1688 4500 lieret,

157 4532 204 4585 icae
219 4531 290 4587 sedis
304 4546 380 4586 more
395 4531 477 4604 regali
499 4533 621 4604 recipere
636 4534 842 4606 conmmpsisti,
894 4528 991 4585 cedere
1005 4527 1115 4582 noluisti
1139 4543 1146 4580 :
1163 4525 1229 4596 quin
1243 4525 1333 4596 potius
1348 4540 1402 4580 non
1422 4534 1451 4581 ut
1474 4527 1549 4596 pacis
1570 4535 1688 4591 amator,

155 4635 176 4675 ar
192 4629 267 4674 tuum
282 4637 334 4675 non
350 4622 591 4693 reprehendimus,
614 4631 642 4678 et
655 4624 768 4695 spiritali
783 4622 841 4678 zelo
895 4621 942 4677 sed
955 4630 985 4675 ut
999 4618 1118 4676 scandali
1133 4618 1295 4685 concitator,
1312 4618 1396 4673 etiam
1416 4626 1444 4673 et
1464 4617 1615 4690 tyrannidis
1628 4633 1688 4672 ma·

155 4726 213 4767 tcre
241 4712 414 4776 desistimus,
449 4714 557 4782 quando
588 4724 683 4770 eontra
706 4714 840 4780 ditinum,
855 4678 881 4738 D
896 4710 1088 4768 nifcstiesimus
1100 4718 1255 4774 exsecutor,
1266 4709 1341 4780 pacis
1352 4717 1459 4779 tempus
1473 4723 1526 4765 non
1537 4722 1567 4764 es
1580 4717 1690 4781 praesto

155 4819 259 4876 umque
283 4803 394 4860 Patrum
416 4807 623 4874 auctoritatem,
645 4816 727 4878 atque
748 4817 842 4864 contra
896 4804 987 4859 latus:
1004 4802 1068 4872 quia
1087 4813 1231 4872 postquam
1247 4800 1304 4855 haee
1325 4798 1364 4854 illi
1387 4799 1484 4855 callide
1499 4799 1688 4854 mandarecu·

155 4893 237 4948 aiidei
252 4894 437 4965 sponsionem,
452 4911 505 4965 qua
517 4894 693 4964 iureiurando
707 4895 843 4968 pollicitus
896 4893 980 4958 rasti,
1004 4892 1095 4948 domni
1112 4891 1286 4962 imperatoris
1309 4905 1421 4960 regnum
1441 4891 1529 4962 magis
1549 4905 1582 4946 ac
1602 4891 1690 4963 magis

168 4986 273 5052 aliena,
298 4998 325 5042 et
337 4987 472 5058 praecipue
495 4991 609 5045 fratrum
631 4999 737 5045 tuorum
759 5006 841 5061 regna
896 4985 1038 5050 invasisti,
1060 4983 1228 5046 sollicitasti,
1249 4982 1393 5047 ordinasti,
1415 4992 1441 5038 et
1460 4984 1583 5041 lroruiues
1604 4984 1690 5055 ipsius

155 5077 265 5144 ieceras,
278 5088 324 5135 aut
338 5078 488 5148 invaderes,
503 5079 764 5153 regnumquoudam
790 5081 843 5138 Lo-
895 5077 971 5150 regni
987 5075 1022 5132 ad
1044 5083 1117 5130 tuam
1140 5073 1296 5130 halelitatem
1317 5072 1411 5144 jurare
1434 5072 1535 5130 fecisti.
1559 5073 1608 5130 (lui
1626 5075 1688 5130 talia

155 5171 325 5239 mperatnris,
341 5171 414 5240 quod
426 5171 541 5243 spiritali
556 5172 611 5228 lilio
622 5181 726 5239 nostro,
740 5174 840 5230 domno
893 5169 984 5229 faeere
1003 5172 1225 5243 pertimesceres,
1250 5169 1302 5225 nisi
1320 5171 1378 5241 ipse
1402 5170 1484 5224 tantis
1500 5168 1636 5224 laboribus
1654 5167 1687 5223 ad

155 5275 186 5315 oo
199 5260 324 5330 Attgusto
349 5260 406 5319 lllio
419 5262 487 5334 ejus,
502 5259 579 5331 iuxta
591 5263 696 5320 divinas
710 5273 737 5320 et
748 5264 841 5320 huma·
888 5273 1048 5337 perpetuam
1063 5280 1158 5336 pacem
1176 5272 1277 5318 sauctae
1288 5262 1417 5318 Ecclesiae
1430 5261 1474 5315 diu
1488 5268 1622 5329 tractuque
1637 5273 1687 5328 pro

155 5365 182 5408 es
196 5350 320 5418 debetur,
336 5355 532 5427 praesumpsisti
547 5355 684 5422 invadere,
698 5364 725 5411 et
740 5357 767 5411 in
780 5373 840 5412 rea·
888 5360 989 5417 christi
1001 5374 1095 5414 amore
1109 5358 1224 5413 fidenter
1237 5360 1360 5413 hereret.
1377 5354 1427 5422 Qui
1449 5353 1572 5422 acceptis
1586 5352 1681 5418 bonis,

155 5444 240 5516 triarii
262 5445 382 5502 incidere
405 5461 458 5503 non
478 5447 639 5502 formidasti.
674 5444 839 5518 Nunquida
887 5453 1026 5524 inquibus
1043 5451 1082 5506 illi
1098 5460 1124 5507 te
1138 5451 1268 5506 solamina
1281 5448 1424 5520 oportebat
1437 5446 1562 5502 conferre
1577 5446 1681 5517 magis,

155 5537 264 5604 excidit,
277 5537 350 5609 quod
363 5547 453 5596 vestra
465 5539 838 5612 vestrorumquejurameata
892 5559 973 5615 quam
996 5541 1180 5600 Christianum
1204 5540 1330 5614 populum
1355 5546 1449 5594 contra
1474 5536 1552 5593 fldem
1567 5537 1684 5594 debitam

155 5629 277 5709 ostoliw
288 5631 424 5690 destinata
438 5632 625 5700 discussimus,
640 5631 838 5700 roboravimus,
891 5636 1036 5712 persequi,
1059 5650 1168 5691 manum
1182 5642 1288 5703 etopus
1301 5646 1355 5688 nou
1368 5629 1547 5696 subtrahens,
1572 5628 1682 5686 dubium

155 5781 261 5821 erorum
275 5768 362 5839 itaque
381 5766 544 5837 dogmatum.
567 5765 656 5822 Caroli
679 5767 714 5822 ad
733 5765 840 5838 singula
891 5788 956 5845 rege
969 5777 1137 5839 conutitptos
1151 5768 1199 5838 ait,
1214 5766 1329 5825 Paulum
1348 5774 1377 5825 οι
1396 5762 1529 5824 loanuettt
1543 5764 1684 5836 episcopos

155 5836 260 5906 pistotae
275 5839 395 5895 membra
410 5837 593 5909 responsionis
606 5838 729 5893 meminit
744 5838 840 5892 Adria·
893 5843 1025 5919 intelligit.
1042 5841 1119 5899 stau.

169 5909 282 5981 epistola
297 5908 341 5967 29.
366 5908 480 5984 Legatos
493 5917 584 5967 autem
620 5924 688 5981 quos
708 5926 723 5965 a
744 5908 841 5968 Carula
