3984 6534
770 377 961 483 nnonuttuu.
1607 431 1675 471 unt

54 551 167 626 menti,
185 569 265 634 (quus
284 557 426 629 versioni
441 575 574 637 operum
591 558 621 620 S.
637 559 783 638 Dionysii
797 559 975 633 subiunxit,
995 554 1194 635 cruentissime
1212 551 1361 633 produnt.
1378 549 1457 611 Sunt
1470 545 1555 610 euim
1571 542 1672 609 talum

442 706 582 765 Nobilibus
593 709 728 778 quondam
741 708 832 766 fueras
848 716 1002 767 constructa
1015 707 1148 780 patronis,

482 775 597 833 Subdita
610 793 682 834 nunc
694 780 779 836 serait
790 779 855 835 beul
870 779 949 843 male,
968 779 1063 844 Roma,
1078 776 1144 831 ruis.

448 845 597 902 Deseruere
608 849 646 902 tui
661 857 736 904 tanto
749 857 776 904 te
789 857 910 918 tempore
923 863 1010 919 reges,

483 915 572 972 Cessit
583 917 654 972 etad
669 916 788 974 Graecos
800 932 898 974 namen
915 918 1054 986 beatosque
1065 922 1135 969 tuus.

446 984 693 1056 Constantinopolis
708 987 808 1043 llorens
821 1002 890 1044 nora
904 987 989 1043 Roma
1002 994 1124 1050 tueatur,

390 1054 411 1079 ⁴
483 1053 600 1110 lloribus
610 1065 639 1111 et
652 1058 736 1113 muris
748 1056 834 1113 Roma
847 1066 950 1113 vetusta
965 1055 1049 1112 cadis.

446 1122 565 1180 Transiit
577 1124 729 1196 imperium,
744 1127 896 1197 mansitque
908 1125 1034 1196 superbla
1050 1132 1148 1187 meum,

482 1190 576 1249 Cultus
591 1195 719 1251 avaritiae
730 1203 757 1251 te
772 1196 884 1251 nimium
897 1202 1015 1266 superet.

449 1261 552 1331 Vulgus
564 1263 599 1318 ab
612 1267 741 1321 extremus
753 1265 914 1321 distractum
926 1265 1048 1334 parubm
1060 1261 1145 1327 orbis,

482 1328 628 1387 &trutino
638 1334 720 1401 terri,
735 1349 806 1390 nnnc
819 1332 867 1389 tibi
882 1342 945 1390 sunt
958 1333 1070 1390 domini.

445 1399 475 1462 la
491 1406 517 1456 te
532 1401 672 1468 nobilium,
684 1413 820 1459 rectorum
833 1418 914 1460 nemo
927 1403 1067 1469 remansit,

482 1469 644 1541 ingenuique
656 1472 693 1527 tui
709 1487 773 1528 rura
791 1472 897 1543 pelasga
911 1473 1013 1530 colunt.

446 1536 588 1594 lrnneastl
604 1541 678 1597 uiros
688 1542 791 1597 erudeli
808 1541 919 1612 uulnere
932 1550 1052 1606 sanetus,

482 1605 604 1664 Vendere
615 1626 687 1666 nunc
701 1612 798 1666 burum
812 1621 919 1667 mortua
932 1614 1053 1666 membra
1065 1610 1145 1667 soles.

448 1675 507 1731 lam
520 1677 549 1732 ui
563 1686 590 1733 te
602 1680 727 1734 meritum
735 1679 808 1736 Petri
819 1679 947 1750 Paulique
962 1680 1074 1743 lateret,

468 1765 471 1773 ·
484 1743 615 1817 Tempore
625 1747 681 1818 lam
693 1749 774 1822 longo
785 1749 873 1808 Rama
887 1751 991 1807 misella
1004 1749 1086 1806 iores

98 1855 166 1918 Hos
193 1871 318 1919 versus.
351 1857 421 1921 sinc
444 1861 608 1942 scriptoris
623 1865 754 1931 nomine
773 1867 1133 1950 editosruopp.Bedue
1150 1860 1352 1929 adliminat.
1370 1856 1449 1922 tens
1466 1855 1505 1915 Τ.
1537 1866 1594 1930 all·
1615 1847 1685 1909 53⁸·

59 1972 113 2035 ed.
143 1973 255 2037 Coton.
272 1977 308 2037 T.
331 1979 357 2052 l,
377 1996 407 2058 p.
428 1979 498 2054 utu,
515 1999 550 2047 re
567 1999 641 2053 vern
654 1985 787 2049 loannis
805 1987 991 2062 senticem,
1008 1992 1157 2051 unctores
1173 1989 1250 2048 sunt
1273 1980 1401 2044 codices
1427 1986 1551 2037 ueteres
1568 1967 1688 2042 ‚Mona-

59 2098 171 2162 censis
186 2101 429 2177 Othlonis‚duo
446 2099 770 2176 Vindobouenses,el
792 2104 1099 2178 Fiirstenteldsnsis,
1117 2122 1214 2182 supra
1242 2097 1374 2163 laudati.
1400 2090 1526 2167 Quibus
1553 2085 1686 2166 quidem

57 2214 215 2278 omnibus
231 2216 272 2280 ed
287 2217 577 2283 calcemuarsiouis
593 2219 676 2283 illud
691 2237 819 2286 carmen
839 2223 984 2287 additum
1000 2229 1059 2287 est.
1078 2225 1189 2305 Neque
1209 2220 1242 2283 id
1268 2225 1298 2281 le
1314 2229 1445 2278 mouere
1460 2207 1582 2280 ·.debet.
1599 2201 1687 2286 quod

58 2332 141 2412 legis
153 2320 293 2414 ,auique
307 2335 344 2398 ab
355 2310 504 2398 'extremis
516 2335 701 2400 distractum
710 2340 857 2418 partibus
868 2341 967 2420 orbis,
982 2360 1141 2404 servorum
1155 2359 1270 2413 seruas,
1287 2338 1399 2400 llamae
1424 2330 1592 2395 dominari.
1609 2323 1689 2400 Qui-

58 2456 121 2517 bus
136 2455 189 2518 vix
203 2439 339 2519 dubium
358 2461 418 2531 est,
436 2455 516 2536 quin
529 2454 748 2535 intelligantur
764 2459 925 2535 Saraceni,
944 2461 1002 2541 qui
1013 2477 1052 2525 eo
1071 2466 1216 2542 ternpore
1233 2458 1364 2538 saepius
1376 2454 1499 2518 ferrum
1511 2446 1690 2513 'dammam-

59 2591 127 2652 que
139 2574 259 2637 Romae
273 2571 516 2636 minitabantur.
535 2570 617 2633 Vide
630 2571 795 2649 Muratori,
814 2576 931 2640 Annali
945 2578 1081 2653 d’ltuliu,
1099 2579 1138 2642 T.
1154 2578 1194 2640 V.
1474 2554 1476 2559 ¹

102 2664 520 2759 SiuutomloannesScotus
533 2689 646 2765 isfuit,
658 2689 864 2775 idquoujam
880 2697 934 2759 eir
944 2698 1083 2761 dubitari
1098 2715 1192 2778 posse
1204 2697 1340 2769 ridetur,
1356 2692 1414 2773 qui
1424 2689 1691 2754 Graecissenctue

61 2811 256 2893 apostolicae
277 2811 347 2874 sedi
371 2811 601 2875 reluctantibus
627 2811 753 2876 inania
775 2812 873 2895 Regia
893 2819 1069 2882 Parisiensi
1093 2816 1226 2891 faveret,
1244 2818 1324 2896 quia
1347 2817 1478 2891 mirum,
1496 2814 1584 2895 quod
1599 2811 1694 2872 Nico·

62 2930 134 2993 laus
148 2930 182 2990 P.
199 2928 298 3009 lregi
324 2930 496 3008 opprobrio
512 2931 617 3004 vertit,
634 2931 721 3011 quod
744 2933 820 2997 libri
846 2938 877 2999 S.
892 2937 1043 3016 Dionysii
1060 2937 1100 2999 ab
1115 2938 1239 2998 loannu
1254 2935 1349 2997 Scuto
1363 2934 1398 2994 iu
1415 2931 1551 2994 latinum
1566 2940 1693 2991 sermo-

67 3064 142 3111 nem
170 3047 316 3111 conuersi
342 3048 664 3130 siue-approbatione
691 3053 866 3131 apostolica
887 3054 922 3116 in
946 3053 1064 3134 vulgus
1096 3053 1208 3119 emissi
1233 3051 1311 3126 sint,
1337 3051 1555 3134 postulatque,
1578 3046 1693 3112 utillo
1742 3072 1801 3171 γ’(
1831 3100 1876 3143 a·

67 3172 221 3242 loannes,
239 3170 294 3236 oui
306 3187 369 3259 nan
384 3187 455 3230 eane
467 3188 574 3249 sapere
587 3173 621 3234 in
637 3172 820 3253 quibusdam
838 3174 991 3255 frequenti
1003 3190 1127 3234 rumare
1137 3170 1275 3249 dicatur,
1289 3173 1408 3235 Romae
1424 3171 1693 3250 repraesentetur,
1773 3150 1943 3313 'ywld

68 3298 124 3352 aut
139 3298 223 3351 certe
240 3287 384 3351 aStudio
402 3285 587 3361 Parisiensi,
607 3289 697 3369 cujus
722 3287 842 3369 capitul
864 3287 939 3352 olim
961 3290 1058 3370 [uisse
1082 3287 1296 3369 perhibentur,
1320 3294 1535 3365 removeatur,
1561 3305 1598 3349 ne
1623 3302 1694 3349 eum
1743 3276 1764 3325 l*

66 3409 175 3477 tritico
198 3409 282 3470 sacri
296 3406 414 3490 eloquii
431 3425 529 3486 qrana
547 3411 691 3475 zizaniae
705 3421 731 3474 et
747 3413 819 3475 lolii
832 3414 956 3475 miscere
973 3411 1190 3491 diqnaseatur,
1207 3422 1234 3472 et
1250 3430 1360 3491 panem
1374 3409 1593 3494 quaerentibus
1608 3425 1697 3470 aene·

68 3543 144 3594 num
156 3526 314 3604 parriqat.
332 3525 417 3599 Quid
431 3528 581 3594 Nicoluus
599 3532 688 3598 hisee
705 3533 807 3599 literis
824 3534 893 3597 suis
913 3533 1282 3614 proiecerit,⁴memoritte
1297 3548 1365 3595 non
1383 3530 1543 3611 proditur.
1742 3494 1782 3589 Υ

107 3645 219 3725 Neque
237 3643 298 3709 hoe
316 3645 386 3710 loco
403 3652 720 3727 praetermittendum
747 3672 818 3720 esse
848 3655 984 3728 videtur,
1003 3671 1052 3729 ea,
1070 3671 1152 3733 quae
1168 3651 1209 3716 de
1234 3652 1341 3732 longis
1365 3654 1535 3718 itineribus
1561 3649 1697 3714 loannis

69 3770 155 3835 Seoli
179 3788 234 3850 per
254 3751 417 3836 Graeciam
454 3785 487 3842 et
503 3779 668 3846 Orientem
694 3785 853 3865 susceptis
875 3785 1008 3848 fabulati
1030 3792 1106 3849 sunt
1121 3783 1284 3859 nonnulli,
1301 3778 1511 3858 argumentis,
1526 3792 1610 3856 quae
1625 3773 1698 3853 qui·

68 3886 143 3951 dem
160 3885 248 3948 firma
266 3884 342 3959 sint,
359 3887 484 3966 probari
505 3895 613 3960 nullis.
630 3900 676 3960 Aa
702 3900 848 3964 Lubbeus
865 3901 1010 3982 quidem·
1023 3903 1058 3964 in
1073 3902 1269 3983 praelatione
1284 3899 1324 3963 ud
1344 3894 1506 3960 Glossaria
1532 3897 1618 3955 recte
1633 3889 1696 3954 ob-

72 4017 191 4085 servat,
206 4012 356 4072 loannem
370 4011 497 4072 Scotum
512 4031 547 4074 aa
566 4021 680 4077 eeteros
697 4016 762 4096 ejus
780 4018 848 4081 aevi
866 4019 901 4080 in
915 4021 1035 4098 qnaeris
1051 4020 1152 4084 literis
1177 4018 1368 4102 maqistellos
1383 4016 1439 4078 itae
1455 4015 1488 4076 in
1505 4012 1615 4092 linqua
1635 4023 1699 4068 nan

71 4136 149 4199 adeo
164 4145 302 4197 ansatos
316 4136 424 4216 fuisse,
446 4144 481 4195 ut
500 4137 533 4197 in
551 4136 716 4199 Frontinus
730 4135 889 4201 Carolina's
906 4141 1097 4221 temporibus
1123 4159 1272 4221 mtqrasse
1294 4142 1429 4204 Albanas
1456 4131 1697 4201 eaistimcndum

70 4259 125 4333 eit,
141 4258 186 4331 id,
201 4258 289 4338 quod
304 4273 376 4318 enm
394 4256 484 4320 rudia
502 4259 641 4323 carmina
658 4277 770 4338 graeca
790 4262 923 4324 loannis
940 4263 1037 4336 Secti,
1057 4271 1126 4327 tum
1154 4267 1258 4346 ipsius
1275 4260 1454 4331 versiones,
1479 4254 1599 4335 quibus
1614 4266 1649 4311 se
1664 4248 1700 4309 in

71 4383 203 4447 Graecis
221 4395 347 4443 merum
365 4378 535 4442 verborum
560 4375 753 4457 mancipium
770 4373 885 4453 prandit,
900 4376 977 4436 sutis
995 4377 1215 4454 comprobant.
1236 4379 1388 4439 Ceterum
1417 4371 1488 4450 ipsu
1512 4382 1697 4446 graecorum

71 4501 239 4565 literarum
251 4494 491 4577 intereaquules
507 4490 723 4572 peritissimus
738 4489 926 4566 habebatur,
940 4509 999 4556 uec
1009 4491 1237 4571 dubitaverim,
1249 4493 1329 4575 quin
1345 4496 1454 4554 noster
1467 4488 1700 4566 intelligendus

73 4622 283 4692 silluunues,
314 4615 354 4679 de
385 4631 451 4681 uuo
469 4613 502 4675 in
520 4611 660 4673 Psilotra
684 4608 725 4670 ad
750 4610 866 4672 noxias
883 4630 1021 4692 quaeque
1045 4611 1188 4674 bumores
1217 4613 1412 4674 extrinsecus
1439 4609 1651 4680 desiccandus,
1671 4614 1699 4668 et
1732 4648 1736 4659 ·

72 4725 159 4827 pilas
184 4741 240 4822 qui
263 4739 426 4817 displicent
448 4734 654 4816 extirpandas
670 4732 790 4797 conlisis
804 4733 895 4807 idib,
912 4734 955 4807 Ψ,
974 4733 1075 4796 seculi
1090 4735 1148 4811 xl,
1161 4734 1377 4801 bibliothecae
1393 4733 1530 4798 ciuitatis
1547 4730 1702 4793 Abrinca·
1779 4767 1782 4772 -

77 4876 162 4941 lunt,
179 4864 257 4929 baec
275 4866 401 4927 exstant
418 4882 425 4923 ε
443 4858 535 4919 «Non
554 4854 657 4918 solum
674 4859 792 4920 nutem,
813 4857 848 4912 ut
862 4850 1013 4932 superius
1030 4852 1153 4920 dietum
1177 4860 1238 4931 est,
1254 4854 1337 4934 pilos
1361 4857 1459 4931 delet,
1476 4851 1701 4931 verumetiam

78 4991 212 5056 noxium
226 4989 400 5052 humorum
415 4985 571 5064 impetum
589 4975 745 5057 reprimit,
764 4991 829 5054 quc
847 4980 878 5037 et
895 4973 1081 5055 frequenter
1102 4976 1259 5040 Pardulus
1283 4961 1434 5042 utebatur
1457 4972 1643 5054 episcopus,
1671 4973 1703 5030 et

79 5112 201 5189 Frequs
214 5108 452 5188 grammaticus,
468 5099 523 5181 qui
541 5105 571 5162 et
586 5096 711 5161 dicebat
724 5115 731 5153 :
743 5094 938 5177 Quicunque
955 5094 1014 5159 hoc
1030 5095 1124 5159 terlio
1139 5114 1220 5160 usus
1234 5096 1333 5161 luerit
1348 5097 1384 5159 iu
1398 5093 1524 5166 Martio,
1540 5108 1606 5154 non
1621 5106 1703 5168 opus

82 5232 109 5291 ei
125 5229 262 5293 lebrium
280 5226 460 5292 molestiam
484 5219 598 5283 timere
613 5216 646 5278 in
665 5228 760 5277 anno.
783 5210 897 5274 Graeci
919 5230 1039 5294 quoque
1066 5213 1280 5292 septenaeque
1307 5217 1416 5280 audini
1447 5236 1466 5277 a
1490 5215 1621 5282 Ioanne,
1641 5209 1699 5269 boc

84 5350 212 5410 ametur
226 5354 360 5409 utuntur
377 5340 584 5405 medicamine.
606 5336 667 5399 Nae
688 5332 858 5414 aliquanda
889 5333 1033 5415 fortassis
1063 5331 1192 5394 aiteram
1217 5353 1276 5414 pro
1302 5332 1493 5400 desiccandis
1516 5323 1701 5390 tumoribus

87 5470 204 5532 narrauit
221 5467 358 5547 accipere
376 5466 575 5544 potionem».
599 5461 641 5520 bt.
660 5459 694 5520 F.
717 5455 892 5519 Ravuisson
915 5456 1072 5536 llappurts
1088 5463 1149 5519 cel.
1170 5476 1199 5537 p.
1219 5459 1286 5521 132.

127 5589 202 5663 520.
224 5588 270 5650 ne
290 5583 475 5665 parentibus
495 5591 526 5644 et
539 5576 680 5658 cognatis
691 5572 822 5638 loannis
838 5572 921 5635 Secti
938 5570 1018 5633 nibil
1033 5579 1230 5652 compertum
1253 5577 1313 5646 est,
1329 5569 1392 5632 nisl
1407 5564 1436 5628 ei
1454 5559 1583 5622 fratrem
1597 5553 1701 5617 luisse

96 5708 278 5778 aldelmum.
293 5713 395 5787 Quem
408 5712 526 5776 indicat
549 5707 649 5770 codex
668 5707 699 5767 S.
718 5701 983 5776 Geunuuni,1t08,
1000 5699 1077 5763 olim
1092 5699 1160 5771 tata,
1173 5698 1227 5761 sol.
1248 5698 1297 5769 bd,
1317 5699 1344 5770 t,
1363 5693 1416 5755 ubi
1436 5689 1468 5754 in
1484 5686 1589 5752 leonte
1604 5701 1703 5749 mom-

100 5843 227 5919 luunue,
256 5860 338 5923 quae
358 5841 459 5906 tabula
481 5836 662 5904 dominicali
690 5839 818 5918 legitur,
844 5851 957 5906 matius
980 5832 1059 5896 laute
1080 5830 1180 5898 saculi
1207 5828 1252 5892 1x
1273 5825 1311 5891 ad
1332 5822 1510 5905 marginem
1533 5813 1702 5897 adscripsit
