3984 6534
147 349 198 403 as

813 344 953 402 tutunus
973 343 1069 401 SCOTi
1558 340 1561 345 ’
1753 346 1788 400 aet

146 462 208 516 lion
224 463 292 516 araim
306 478 375 515 nune
390 462 594 515 carrnonn'nntur
609 463 747 514 creaturae
761 460 857 525 Adam,
872 460 939 513 sicut
954 466 976 523 Λ
991 457 1085 526 inipso
1097 456 1253 512 salvandam
1266 454 1385 511 naturali
1404 451 1636 508 resurrectionis
1653 451 1747 508 rirtnte
1758 470 1788 511 es

145 555 171 607 in
190 553 353 624 sequentibus
367 553 476 605 iristorin
486 552 560 615 dicit,
574 552 617 604 seri
630 567 723 605 namen
735 560 823 605 creata
838 551 938 606 bantini

145 660 197 696 nou
211 643 283 696 aliud
295 642 427 713 quoddam
444 641 628 697 uniuersaliter
641 652 688 695 est.
706 639 767 695 Nan
780 642 861 712 ipitur
879 643 938 697 nni·

144 734 238 788 actuali
252 737 260 765 ²
276 746 386 787 rtntrnae
401 734 534 788 runcatione
554 733 605 788 tale
631 733 732 804 aliquid
751 734 880 802 suspirari
897 735 937 789 in-

144 827 306 879 troducimur
316 836 338 890 ¹,
351 826 412 894 quin
428 827 455 878 in
476 826 563 879 diuina
579 827 755 897 ¹praescientia
774 826 785 860 ⁸
800 836 824 881 et
846 829 937 882 uirtute

144 918 227 970 omnis
243 916 393 969 inmanitas
409 916 435 969 in
451 914 536 986 prima
552 917 735 971 constitutione
753 918 937 987 campreircnra

143 1017 192 1061 est.
214 1006 321 1075 Oportet
345 1006 412 1060 enim
429 1005 466 1059 nil
487 1005 542 1060 beo
565 1005 698 1075 infinitum
718 1007 746 1060 in
759 1007 809 1072 iris,
824 1023 890 1077 quae
904 1008 936 1060 ab

141 1115 171 1154 ea
189 1098 259 1168 [acra
282 1107 352 1162 runt,
368 1099 517 1164 aestimare,
540 1099 586 1152 seul
610 1094 816 1168 uniuscujusque
834 1113 935 1165 earnm,

141 1207 208 1262 qam
228 1201 300 1256 siant,
311 1190 374 1260 finis
385 1200 409 1245 ct
424 1206 547 1244 mensura
563 1191 809 1261 circumponderans
829 1192 936 1260 [actoru

142 1283 271 1353 suspicatio
298 1290 346 1336 est.
372 1282 599 1348 Quemadmodum
633 1285 714 1354 ipitrrr
740 1282 834 1354 aliquis
859 1284 936 1337 bama

143 1375 260 1444 eorporis
276 1374 422 1441 qrtrrutitate
432 1379 577 1439 coartatur,
586 1385 609 1429 et
620 1392 743 1431 ntensura
755 1376 805 1432 sibl
816 1376 936 1430 rulitan-

140 1465 193 1517 tiae
207 1465 359 1534 maqnitnrio
378 1471 427 1529 ert,
442 1478 508 1533 qaae
524 1465 550 1517 in
570 1465 707 1534 saprerlicia
723 1466 839 1534 carparis
858 1465 935 1536 perp·

988 547 1150 615 operatrice,
1166 560 1235 616 quae
1247 546 1348 602 nuliam
1362 554 1498 601 naturum
1513 543 1614 613 perire
1634 543 1710 607 sinit,
1723 560 1788 616 impe

988 647 1118 707 perpetuo
1141 639 1231 707 puniri
1253 639 1345 693 dixero
1360 653 1368 691 :
1386 637 1458 706 quid
1483 635 1561 696 erit.
1586 635 1665 704 quad
1685 645 1786 695 mturare

988 730 1154 784 damnationi
1177 729 1357 785 attribuatur?
1382 727 1573 795 peritiaeque
1587 722 1785 795 &maara

988 823 1105 878 claritati
1129 825 1253 880 resistere
1276 824 1401 887 videbor,
1429 834 1512 889 quae
1533 819 1784 879 incunctatam

987 913 1059 979 bolo,
1076 916 1254 984 ominibusque
1277 913 1337 982 ejus
1356 910 1513 977 membris,
1528 917 1653 967 aeterna
1677 919 1781 969 amir

987 1006 1105 1060 minatur
1116 1020 1177 1065 esse
1188 1005 1287 1061 initura.
1307 1004 1337 1061 si
1352 1014 1449 1060 autem
1463 1016 1566 1073 neque
1581 1010 1671 1061 tutata
1685 1004 1778 1063 brui·

987 1104 1071 1151 tatem
1087 1112 1102 1151 a
1115 1097 1225 1152 Christo
1239 1104 1407 1166 assumptam
1418 1092 1778 1165 amarissimamque

987 1188 1103 1242 riaturali
1113 1187 1319 1244 resurrectionis
1332 1186 1436 1241 uirtute
1451 1192 1549 1240 totam
1565 1182 1777 1252 liberabimini

989 1295 1021 1334 ex
1033 1288 1110 1351 parte
1133 1281 1160 1334 in
1182 1279 1289 1335 ursinae
1303 1277 1434 1349 imaginis
1450 1276 1632 1348 dignitatem
1647 1277 1777 1345 reblam

985 1387 1018 1426 ex
1029 1372 1143 1441 partein
1159 1376 1270 1426 aeterua
1288 1369 1449 1424 calamitate
1460 1368 1774 1438 captivarnmrsmm

985 1467 1103 1523 docuero
1118 1481 1228 1521 :nonne
1242 1464 1385 1521 cottiarum
1407 1478 1483 1518 vera
1505 1462 1590 1518 ratio
1609 1462 1725 1534 riinraqre
1741 1465 1773 1519 ri-

140 1557 209 1609 citar
222 1572 231 1610 :
245 1557 283 1609 sic
307 1557 420 1610 arbitrer
434 1556 511 1611 ueluti
526 1557 551 1610 in
566 1573 619 1610 uno
630 1573 737 1627 carpere
752 1559 935 1612 tatambuma-
985 1559 1040 1613 niul
1051 1559 1201 1614 auctoritas
1220 1573 1263 1612 rne
1281 1555 1451 1626 redarguet?
1469 1554 1563 1610 Ratio
1580 1555 1674 1626 quippe
1688 1556 1772 1610 enimn·

141 1644 232 1699 nitatis
243 1645 431 1714 plenitudinem
442 1648 612 1717 proqnostiea
624 1647 743 1702 uirtutea
756 1648 934 1703 Deaamnlum
984 1649 1088 1705 tissime
1103 1650 1196 1715 docet,
1212 1648 1250 1703 nli
1262 1661 1386 1703 sutnrmae
1400 1646 1424 1681 ¹⁸
1445 1647 1579 1702 bonitati
1602 1648 1716 1718 vitaeque
1725 1649 1772 1703 mu

139 1738 354 1807 carnprebensanr
369 1738 459 1808 fuisse.
477 1737 511 1792 Er
529 1739 684 1794 ‘lrocdacet
698 1758 783 1796 sermo
796 1743 932 1813 qnidicitr
984 1738 1147 1794 beatitudini
1169 1754 1203 1793 ex
1224 1738 1359 1794 dianretra
1376 1739 1567 1792 eontrarium
1592 1749 1718 1808 perpetua
1733 1754 1775 1794 ene

141 1831 211 1897 eria
232 1831 293 1900 fecit
313 1831 382 1887 iiras
407 1834 548 1898 bominem,
565 1834 706 1889 secundam
728 1836 868 1907 imapinenr
887 1835 934 1891 uu
950 1832 1076 1900 Bposse.
1096 1829 1207 1886 Bonitas
1226 1830 1298 1884 entim
1318 1828 1535 1885 clicufflcflbii
1558 1831 1703 1897 111311111111,
1720 1833 1773 1902 iffi·

138 1923 199 1990 serit
212 1938 280 1977 eum.
295 1920 356 1978 Non
368 1925 474 1979 enimin
487 1935 562 1995 parte
580 1936 690 1981 naturae
702 1927 799 1998 imapa,
813 1943 893 1998 neque
904 1929 932 1981 in

138 2015 253 2085 modam
264 2031 365 2082 eonem,
380 2033 447 2087 qrrae
457 2018 600 2072 nectendum
614 2018 698 2088 ipsam
721 2018 929 2085 considerantur,

136 2108 222 2176 qratia
248 2105 259 2140 ⁸
279 2118 327 2175 cst,
343 2107 426 2163 sedin
440 2119 523 2164 totum
536 2127 617 2182 penus
638 2110 782 2182 aequaliter
802 2110 862 2165 talis
876 2127 932 2182 per·

136 2200 204 2253 uenit
215 2199 306 2255 uirtus.
321 2199 431 2272 Sipnum
445 2219 504 2257 aero
515 2213 553 2258 ert
565 2205 683 2259 omnibns
696 2203 817 2259 similiter
828 2207 932 2259 animur

138 2286 280 2344 collacatus
292 2289 314 2353 ⁸,
326 2290 388 2344 dant
401 2308 488 2346 ornnes
507 2291 669 2363 inteiliqcndi
680 2303 703 2347 et
714 2293 870 2347 consiliandi
880 2295 931 2348 alr·

137 2389 217 2433 tritam
231 2380 354 2448 babeant,
367 2394 389 2436 et
401 2382 453 2435 niia
469 2384 566 2448 amnia,
583 2384 716 2456 exquibus
732 2385 819 2439 diuino
835 2394 930 2439 natura

136 2466 164 2521 ia
179 2484 220 2530 co,
240 2470 310 2538 qaod
323 2470 466 2525 secuudum
481 2472 564 2542 ipsam
577 2472 675 2541 suetum
689 2484 738 2537 ert,
757 2474 932 2544 imapinatar.

138 2554 267 2611 Sinriliter
280 2559 328 2611 se'
344 2558 419 2614 liniret
431 2573 454 2614 et
468 2561 521 2632 ipse
536 2563 563 2615 in
577 2562 663 2632 prima
676 2563 789 2618 mandi⁸
801 2565 929 2618 constitn-

136 2648 426 2719 rioneostensnsbemo,
435 2662 458 2707 et
470 2663 526 2724 port
539 2653 715 2709 uniuersitatis
726 2656 929 2712 consummatio·

136 2752 192 2790 neni
205 2738 322 2808 initurus,
330 2741 607 2816 aequaliteriuseiprie
618 2744 825 2816 diuinamicrunt
836 2749 930 2818 lmaqi-

136 2844 193 2882 uam
205 2838 226 2883 1.
240 2827 383 2903 Propterea
399 2850 467 2889 unas
482 2835 559 2890 bomo
572 2837 782 2892 nominatamert
799 2854 873 2893 antae
886 2856 930 2909 qe·

983 1927 1080 1989 tusquo
1103 1920 1248 1986 ammonit,
1264 1919 1391 1975 sititilitar
1414 1920 1480 1974 vita
1504 1930 1647 1986 inertem,
1669 1923 1774 1978 mana

982 2006 1137 2077 miseriam,
1152 2012 1240 2066 virtus
1253 2011 1329 2075 vitia,
1351 2010 1556 2082 uitiorumque
1578 2014 1604 2047 ¹⁸
1629 2029 1727 2079 maur.
1741 2029 1773 2069 a·

982 2112 1095 2173 seraque
1118 2104 1144 2158 id
1165 2118 1261 2175 penus.
1288 2101 1386 2158 Divina
1408 2104 1582 2160 auctoritas
1606 2104 1771 2161 clamatri'n

981 2210 1052 2249 utero
1067 2205 1124 2260 toa,
1144 2212 1159 2251 e
1177 2211 1258 2259 mors,
1274 2203 1298 2247 rt
1316 2209 1425 2248 marrus
1450 2205 1532 2260 tues,
1549 2213 1568 2252 o
1587 2197 1772 2266 intermittet

982 2281 1147 2341 Nouissimas
1159 2286 1279 2339 inimicus
1290 2284 1446 2339 destructor
1461 2301 1556 2349 marr,
1566 2287 1624 2343 boe
1632 2298 1674 2343 est
1683 2286 1772 2342 dabla

981 2381 1075 2429 auotm
1088 2373 1193 2438 mortis,
1202 2371 1244 2426 vel
1255 2381 1328 2427 certe
1337 2372 1396 2441 ipsa
1408 2388 1505 2428 mors.
1516 2373 1614 2445 Huius
1624 2377 1771 2446 abumari

980 2461 1099 2518 Graecos
1112 2471 1155 2518 est
1170 2464 1296 2528 itteram
1313 2464 1349 2517 ita
1360 2461 1483 2532 quidem
1501 2465 1770 2540 scriptumestipir'u

980 2557 1096 2620 renen,
1110 2555 1237 2610 inimicus
1249 2558 1365 2616 timeor.
1377 2554 1407 2611 in
1416 2555 1770 2630 visionibnsquoqaebmi

979 2648 1127 2717 prophetae
1137 2646 1248 2716 urrgelus
1259 2647 1359 2715 inquit:
1369 2646 1567 2719 snpraapisra
1573 2651 1768 2707 bebdancdnd·

979 2740 1109 2794 increatae
1119 2749 1265 2809 rnntsaper
1276 2739 1402 2809 papulam
1414 2748 1501 2796 trrurn
1511 2753 1537 2798 et
1551 2745 1767 2815 superarint·

979 2840 1048 2886 ctam
1058 2841 1142 2897 taam,
1159 2842 1187 2884 ut
1201 2838 1369 2885 consumetur
1382 2836 1600 2901 praevaricatio
1614 2836 1766 2905 etpumi-

134 2935 184 2976 nua
193 2922 348 2991 burrianum,
357 2927 451 2997 '’quia
462 2928 489 2981 in
498 2926 719 2983 uirtuteiieinibii
727 2930 930 3000 praetentavit!
978 2921 1034 2990 piat
1041 2930 1186 2990 1110111111,
1195 2931 1218 2975 ⁰⁸
1226 2909 1503 2991 dliessill'i'lll'lilll'i‘ss·
1512 2936 1537 2978 ⁰⁸
1551 2927 1590 2980 1111
1602 2926 1766 2994 lmmlffl'·

133 3011 226 3081 instat,
235 3016 280 3070 sed
291 3026 315 3070 et
325 3017 394 3088 quati
407 3026 549 3089 spectatur,
561 3020 704 3090 aequaliter
714 3021 845 3092 praesenti
856 3036 928 3075 eom·
979 3010 1015 3062 111
1024 3009 1306 3080 ‘elilifiil'W-Miffliffi
1314 3007 1446 3064 'melici‘
1454 3015 1765 3084 &millum

132 3103 284 3172 prenomine
293 3110 468 3164 uniuersitatis
475 3110 653 3182 operatione¹²
665 3113 820 3166 continetur.
835 3110 928 3166 Ornnlr‘
979 3100 1389 3157 (lumbulflefflibbisslifflfflm
1399 3110 1498 3159 ²⁰¹¹¹¹⁸¹
1512 3106 1766 3178 ‘emi’fflififflffl

133 3192 222 3261 itaque
238 3203 333 3250 natura
348 3199 463 3254 bumana
472 3200 595 3272 “quaen
607 3203 698 3274 prioris
710 3219 790 3275 usqne
800 3203 835 3256 ati
843 3203 864 3235 ¹⁸
877 3219 923 3257 no·
936 3189 959 3253 C
975 3191 1765 3270 111111111511111111111111191111811111011111111111118111111Μ5191ιι

133 3281 238 3336 oissinta
254 3288 379 3354 peruenit,
397 3305 450 3343 aaa
465 3293 595 3360 quaedam
609 3309 667 3349 rere
682 3296 816 3350 existentis
837 3294 923 3365 imoqo

133 3382 189 3438 ost;
201 3375 258 3446 ipsa
274 3392 334 3429 rere
348 3378 374 3432 in
390 3379 535 3434 ntaseulnnt
549 3391 574 3436 el
598 3383 721 3452 femineam
736 3387 836 3456 peneris
850 3387 925 3457 diffe-

133 3464 218 3516 rentia
229 3466 365 3520 uerissime
375 3471 556 3526 constitutioni
570 3473 735 3542 semiarianis
747 3477 850 3547 adjecta
874 3488 923 3532 est.

133 3549 249 3607 Proirntc
261 3554 283 3608 si
297 3552 342 3611 iiei
356 3554 504 3613 '‘Verbirm
518 3562 713 3619 buntanitatem
734 3568 846 3636 aceepit,
871 3584 923 3624 non

133 3656 236 3715 partem
252 3646 321 3716 eins,
336 3665 406 3720 quae
421 3652 492 3707 nulia
507 3662 556 3719 est,
572 3654 618 3710 sed
635 3657 823 3713 universaliter
838 3668 922 3716 toturn

133 3742 246 3811 aceepit.
259 3742 291 3797 Et
307 3744 329 3799 si
345 3750 428 3800 totam
437 3748 551 3822 accepit,
568 3757 649 3803 totam
661 3749 782 3821 prolecto
795 3750 820 3805 in
833 3753 923 3823 scipso

133 3832 263 3899 restituit,
278 3836 406 3905 quoniam
418 3838 443 3892 iu
459 3838 516 3909 ipso
529 3848 678 3895 restaurata
694 3851 756 3896 sunt
769 3843 870 3908 onmia,
896 3853 924 3898 et

132 3919 200 3974 nihii
225 3923 413 3991 hnmmrltatiS,
443 3945 524 3999 quum
548 3937 632 3985 totam
652 3931 766 4002 aceepit,
787 3932 924 4003 perpetuis

132 4013 226 4079 poenis
240 4013 480 4088 insalirbiiiimsque
497 4021 714 4092 inolitiae,quarn
727 4035 922 4081 tormentorum

132 4100 274 4157 calamitas
296 4107 426 4174 sequitur,
454 4108 567 4166 nexibus
583 4112 728 4169 obnoxium
744 4119 868 4188 reliquit;
896 4123 922 4178 in

133 4192 206 4250 nulio
223 4193 296 4249 enim
313 4196 422 4252 damnat
441 4199 519 4262 Deus,
534 4203 605 4271 qnod
630 4203 705 4271 iecit,
721 4209 767 4263 sed
783 4212 854 4279 aptiori
870 4228 922 4267 non

133 4281 206 4348 iecit,
221 4284 307 4355 punit.
321 4283 387 4340 Num
398 4297 426 4343 et
438 4293 684 4360 praevaricantium
696 4300 853 4369 angelorum
872 4318 922 4357 na·

132 4383 221 4431 turrim
235 4393 287 4432 uon
303 4380 390 4450 punit,
413 4398 462 4437 nee
487 4387 631 4453 puniturus
650 4400 707 4456 ost;
737 4392 843 4448 iliornrn
857 4411 923 4453 sero

132 4471 921 4561 malitiumetimpietatemnocivamquepotentiam,quern-

976 3286 1053 3340 nario
1065 3285 1198 3353 siquidem
1212 3300 1326 3340 inuenero
1349 3301 1453 3343 cursus
1474 3289 1566 3361 hujus
1582 3293 1653 3356 rure,
1661 3290 1765 3360 septenis

975 3375 1763 3449 dierumrevolutionibuseonroiutusiusinarturtlaieur-

975 3483 1021 3523 sus
1043 3468 1218 3523 abbreviatus
1233 3467 1343 3522 dieitur.
1358 3466 1464 3524 Omnia
1480 3488 1610 3546 namquo
1625 3485 1725 3545 totamm
1739 3474 1761 3525 ir

975 3559 1356 3628 comparationeaeternitatis
1365 3559 1555 3621 breviasunt.
1566 3566 1597 3621 in
1608 3568 1736 3636 nactaque
1745 3563 1761 3594 ⁰

976 3651 1043 3715 acie,
1069 3652 1139 3705 inter
1162 3653 1228 3706 haee
1249 3650 1300 3705 teia
1318 3650 1401 3706 veluti
1425 3669 1466 3708 ex
1483 3668 1610 3727 utroque
1623 3659 1701 3713 intere
1716 3672 1763 3711 ern

977 3743 1056 3808 ssxirs,
1071 3743 1277 3813 ignicomaeque
1295 3745 1415 3812 tendam,
1432 3756 1464 3801 et
1481 3751 1553 3819 quid
1568 3753 1662 3822 patius
1678 3765 1760 3820 suar,

975 3835 1072 3888 anxins
1094 3836 1224 3890 consisto.
1250 3835 1308 3890 Non
1332 3836 1405 3891 enim
1424 3837 1501 3895 ieris
1525 3844 1707 3898 consideratio
1723 3848 1760 3903 ul,

975 3941 1058 3980 unum
1081 3942 1097 3981 e
1118 3929 1223 3984 ritrobus
1251 3929 1352 3999 eligere
1367 3945 1375 3983 r
1393 3938 1441 3984 aut
1464 3942 1605 3990 aeternas
1621 3936 1760 4007 poeonia·

974 4018 1081 4087 piorum
1105 4020 1261 4088 urrgelorum
1279 4029 1308 4075 et
1328 4021 1473 4077 linrninum
1498 4025 1660 4094 destruere,
1679 4037 1718 4081 ant
1735 4027 1761 4079 ti

976 4109 1068 4162 uiuam
1091 4109 1239 4163 bonitatem
1266 4121 1293 4164 et
1315 4111 1534 4182 beatitudinem,
1560 4119 1688 4190 absorpta
1706 4116 1760 4172 ord

975 4199 1079 4254 malitia
1099 4201 1276 4271 miseriaque,
1293 4217 1346 4255 non
1370 4203 1477 4273 ubique
1507 4207 1536 4261 in
1562 4212 1759 4266 omnicreator

976 4303 1160 4361 requieturam.
1185 4293 1255 4349 bino.
1281 4293 1392 4347 Patiens
1416 4306 1498 4364 esto;
1522 4302 1621 4357 aderit
1640 4302 1682 4357 lut
1705 4290 1770 4357 ute*

976 4384 1053 4445 tium,
1076 4397 1145 4451 quae
1171 4384 1305 4436 illuminat
1328 4384 1493 4440 abscondita
1517 4394 1703 4459 tenebrarunt,
1723 4391 1759 4445 ὸ·

976 4485 1065 4531 strnsa
1079 4478 1101 4509 ¹⁰
1122 4479 1220 4547 aperit,
1236 4479 1371 4548 iriengnita
1387 4482 1506 4547 revelat,
1528 4484 1649 4558 iuqitira
1663 4496 1757 4545 semul

133 4561 276 4618 austrasium
289 4573 316 4618 et
334 4566 466 4622 tnaiarum
488 4570 627 4626 hominum
643 4577 683 4629 eis
706 4578 920 4651 ariiraerentium,
936 4567 1212 4640 Dincircnmseripta
1223 4571 1433 4636 11101111151111111,
1450 4575 1602 4633 lntieflttilu
1610 4581 1759 4645 sicinini*

132 4656 282 4726 ertinguet,
299 4668 326 4713 et
341 4657 465 4715 fortassis
478 4662 582 4718 iliorum
599 4667 770 4726 eritaeternn
786 4676 924 4733 ‹lanruatia

133 4756 198 4800 suae
217 4747 336 4801 malitiae
351 4750 551 4824 impietatisque
565 4758 728 4817 uniuersalis
747 4765 867 4822 abolitio.
881 4767 923 4823 in·

134 4838 176 4886 ter
190 4833 256 4891 baec
270 4837 360 4907 itaque
377 4841 428 4895 sibi
443 4845 556 4899 invicem
578 4853 765 4921 repugnantia,
787 4859 869 4913 velini
885 4851 924 4914 inss

134 4933 175 4980 ter
188 4929 338 4983 aestuantis
349 4934 441 4986 oceani
454 4932 551 4991 tlnmns
561 4951 788 5013 cautesque,qnas
800 4950 923 5017 allidunt,

135 5014 250 5072 afflictus
264 5017 341 5088 leriga
354 5029 381 5073 et
396 5021 576 5081 inextricabili
591 5030 783 5093 deliberatione
795 5039 923 5111 irtigutus

134 5106 290 5175 convolvor,
298 5107 451 5180 nullamque
459 5114 528 5170 viam
538 5116 667 5175 evadendi
679 5125 793 5193 reperio.
805 5127 832 5184 Si
840 5133 920 5199 enim,

133 5206 161 5254 ut
173 5197 429 5272 brevitereoiiiqam,
442 5207 571 5274 quaelate
583 5211 706 5280 superius
716 5213 787 5272 dicta
801 5231 874 5287 sunt,
885 5232 924 5279 to-

133 5299 189 5349 tam
200 5294 395 5351 humanitatem
403 5292 491 5354 Verbo
501 5299 547 5355 liei
560 5300 762 5377 ''assumptam
776 5326 808 5366 ne
819 5317 924 5384 peritae

975 4662 1057 4732 bigua
1071 4664 1104 4716 ad
1129 4670 1232 4716 certam
1247 4663 1447 4731 quodammodo
1473 4671 1643 4726 sententiam
1657 4671 1757 4728 addreb

975 4755 1015 4810 Aa
1029 4755 1146 4825 primum
1163 4756 1270 4824 quidem
1283 4756 1463 4826 coritemplari
1478 4773 1611 4831 oportet,
1629 4764 1688 4836 qrid
1699 4764 1759 4817 trra

977 4863 1026 4903 nos
1038 4848 1202 4912 coniectum,
1215 4850 1297 4917 inque
1311 4848 1506 4907 inconcussam
1516 4856 1694 4913 uenationem
1703 4867 1758 4923 ber·

977 4943 1060 5005 verrit,
1077 4941 1140 5011 quiri
1151 4941 1239 4995 adbuc
1254 4943 1279 4995 in
1293 4942 1433 4997 biretuanti
1445 4945 1651 5007 deliberatione
1658 4953 1756 5010 mittit

976 5036 1040 5105 qnid
1063 5036 1095 5089 de
1108 5043 1197 5090 cetera
1217 5036 1400 5105 quaeremlum
1412 5039 1457 5092 sit.
1472 5039 1549 5097 lisso.
1565 5044 1626 5099 Non
1636 5045 1708 5099 eiiam
1718 5057 1754 5096 rr·

976 5135 1099 5181 turanum
1124 5126 1324 5196 inquisitionem
1339 5128 1407 5182 ratio
1420 5129 1519 5201 erigit.
1532 5132 1608 5192 liro.
1635 5135 1708 5190 linita
1720 5133 1754 5185 de

978 5220 1053 5275 ilnita
1070 5221 1320 5293 rationabiliterque
1338 5232 1445 5291 reperta
1470 5225 1499 5279 in
1525 5236 1575 5284 tua
1604 5226 1754 5287 deliberativi

979 5319 1084 5373 theoria
1103 5320 1248 5389 perspicio.
1265 5320 1318 5376 Sed
1334 5321 1462 5393 quoniam
1479 5324 1575 5382 adlme
1589 5324 1756 5383 relutilnan

773 5449 900 5510 vitute
917 5454 1115 5513 bucularius.

171 5543 383 5601 ¹Atrrrirersaiir.
404 5546 657 5607 'Aintraducimnu
677 5553 885 5626 'Apraesentr'a
906 5562 1022 5622 ‘litam
1036 5566 1069 5619 Α.
1090 5568 1131 5620 'A
1146 5569 1267 5636 qratiam.
1298 5571 1339 5623 ‘A
1350 5571 1468 5624 animmn
1482 5574 1625 5631 collocari.
1661 5580 1751 5632 'aaut

136 5609 189 5667 CF.
233 5613 478 5673 enarraremus.
514 5620 570 5685 Μ
585 5621 988 5756 inseipredioinanppimapinem
1004 5636 1077 5706 ieret.

1126 5638 1148 5668 ¹⁰
1160 5655 1253 5707 penum
1267 5642 1409 5695 banniarum
1421 5658 1477 5700 ortt·
1489 5647 1525 5700 Α.
1568 5649 1589 5680 ¹¹
1602 5651 1624 5702 Α
1636 5652 1752 5718 aptarem

139 5679 397 5742 ‘'bunnarraorrr.b.
437 5689 459 5722 ¹⁸
473 5690 507 5743 ati
518 5707 572 5746 orit.
587 5692 639 5747 CF.
679 5695 728 5750 “tt
743 5697 822 5754 Proin
843 5704 1063 5773 efideiuerbunr.
1104 5708 1270 5764 ¹⁸natatnn.
1311 5711 1583 5773 strenuissimorum.
1625 5722 1752 5787 ¹⁷rrertqrt·

139 5748 289 5820 'nstrum
307 5759 562 5831 amorreorumqne.
605 5765 793 5837 ¹⁸irnqueom.
815 5771 847 5825 Α.
882 5774 906 5813 ¹⁰
929 5777 1011 5832 oront
1031 5778 1161 5832 abstrusa.
