3984 6534
184 362 237 417 tto

721 357 979 427 ,expositiones
996 362 1136 421 tuturus
1157 361 1256 421 scoti

1760 369 1810 424 itt

184 473 971 541 tortioosrnottsiterconsosonantiaetuttiratpntmeaeto
986 491 1009 545 Α
1023 496 1091 537 εεεε.
1106 482 1222 537 Pulchre
1238 493 1329 538 autem
1345 482 1497 554 augelorum
1508 482 1619 551 imperia
1632 491 1660 537 ct
1674 483 1807 554 principa-

186 568 364 623 lieoomnibus
372 566 506 620 ierarchiis
514 567 521 596 ¹
529 567 621 633 optineo
632 565 752 629 irtdito,et
760 568 972 620 communicative

184 657 973 729 superueniens,etsttmorttotusacratissimoprocesst'o.Pro-

185 759 289 817 pterea,
303 748 398 816 inquit,
407 747 598 802 ierarchiarum
612 748 679 801 ordo
691 762 707 800 a
720 749 902 817 superioribus
912 764 973 819 gra·

185 837 268 891 datitn
282 836 482 892 sic¹deseendit
493 852 506 889 a
519 836 721 904 superioribus¹
732 838 765 889 ad
775 827 931 902 ittl'eriores,
944 845 973 891 ut

185 924 282 980 iterum
293 940 341 995 per
351 925 464 979 eundern
475 925 597 978 ordinent
612 924 753 980 interiores
762 942 809 995 per
819 928 973 995 superiores

184 1018 217 1072 ad
232 1017 316 1072 Deum
330 1017 492 1072 reducantur
506 1027 534 1072 ct
547 1024 739 1071 convertamur
761 1019 794 1071 ad
813 1034 895 1073 unum
912 1035 971 1074 otn-

184 1108 257 1159 nium
279 1107 452 1176 principium,
475 1106 727 1176 communicentque
748 1107 837 1173 simul,
865 1117 894 1163 ct
914 1108 924 1139 ¹
944 1108 971 1162 in

183 1197 241 1266 ipso
254 1196 264 1228 ¹
285 1211 380 1252 omncs
392 1211 475 1250 unum
486 1196 549 1249 sint.
564 1197 689 1250 Attamen
704 1212 757 1250 uon
772 1196 901 1252 aliunde·
921 1200 971 1253 ho-

80 1272 108 1334 Ῐ
182 1305 242 1345 runt
260 1290 381 1345 omniunt
394 1288 531 1358 processio
545 1295 586 1342 εει
607 1288 630 1353 ¹,
648 1289 700 1342 nisi
717 1304 731 1343 a
747 1287 835 1373 bema
848 1305 902 1358 quo
914 1305 973 1344 om·

182 1384 262 1439 nibus
287 1382 444 1438 ierarchicis
467 1381 605 1437 ordinibus
631 1382 768 1450 optimoet
780 1381 969 1445 communiter,

182 1489 236 1530 tton
250 1481 339 1527 tamen
352 1472 411 1528 sine
425 1469 582 1533 dilierentia,
598 1460 746 1538 indita'cst,
758 1479 785 1525 ει
798 1486 859 1525 cum
875 1480 971 1526 ornatu

181 1563 351 1618 sanctissimo
378 1563 435 1632 ipsa
462 1563 617 1631 superuenit
644 1562 791 1631 processio·
813 1563 971 1620 Utenimiu

179 1668 242 1708 oum
256 1653 346 1706 otnn'a
361 1659 554 1706 convertuntur
567 1667 615 1721 per
625 1651 753 1715 reditum,
767 1651 804 1705 ita
819 1653 852 1706 ab
865 1668 897 1708 co
914 1670 972 1708 um·

180 1744 226 1797 nia
246 1750 421 1812 procreantur
445 1758 494 1812 per
521 1743 731 1812 processionem.
752 1742 819 1796 lntle
839 1744 969 1814 tlteolopin

1024 581 1067 627 tus
1083 583 1170 629 rectas
1179 573 1295 644 appellat
1306 573 1444 629 scientias.
1457 573 1514 627 Non
1524 573 1596 628 enim
1609 573 1665 629 alio
1676 576 1758 630 modo
1773 591 1811 631 re·

1023 671 1089 732 gunt
1108 671 1213 733 gentes,
1237 663 1335 732 quibus
1361 663 1504 726 donantur,
1522 663 1574 717 nisi
1599 663 1718 718 seientia
1733 673 1811 718 elsa-

1023 753 1135 822 picntia.
1160 754 1355 809 lntcllectuales
1368 755 1467 824 quippe
1479 764 1620 810 creaturae
1648 765 1715 811 snut
1728 758 1811 813 scien·

1023 847 1077 901 tiae
1089 847 1290 916 sapientiaeque
1305 862 1426 916 capaces,
1442 849 1512 902 sieut
1521 848 1654 916 seriptum
1665 857 1710 902 est
1729 866 1757 902 :t
1769 851 1811 917 qui

1023 931 1109 989 iecisti
1126 935 1147 966 ¹¹
1162 934 1252 990 caelos
1262 936 1289 989 in
1303 935 1440 990 intellectu
1457 956 1479 988 t.
1488 934 1540 990 stt
1550 935 1611 989 illos
1622 936 1812 1007 ipsotpropriis

1022 1024 1205 1091 inflexionibus
1229 1041 1262 1080 es
1274 1042 1305 1079 eo
1323 1040 1392 1096 quae
1416 1037 1452 1078 est
1465 1025 1492 1078 in
1505 1024 1624 1077 diuinum
1651 1035 1726 1077 recta
1737 1028 1811 1079 redt-

1021 1114 1105 1168 ctione
1127 1116 1278 1180 recidentes,
1292 1131 1380 1170 aurore
1400 1117 1504 1185 proprio
1520 1125 1544 1170 et
1557 1116 1686 1186 superbis
1708 1128 1735 1171 et
1755 1119 1813 1188 ipsis

1022 1206 1173 1275 opinionum
1201 1206 1323 1261 diuitibus
1339 1206 1576 1261 corrationabiliter
1600 1207 1676 1260 cultu
1695 1208 1729 1261 ¹¹.
1737 1207 1813 1289 Qrdo

1022 1295 1164 1350 verborum
1177 1296 1245 1352 :sed
1259 1304 1366 1365 oportet
1388 1310 1517 1352 accesere
1537 1294 1597 1351 illos
1610 1296 1634 1328 ¹¹
1652 1296 1739 1367 ipsos,
1752 1280 1814 1366 gen·

1023 1356 1224 1441 effidelicet
1248 1387 1372 1456 populos,
1393 1385 1553 1449 recidentes,
1574 1390 1653 1465 retrp
1678 1388 1814 1452 cadentes,

1022 1473 1139 1541 propriis
1151 1473 1349 1539 tttbetinnibns,
1366 1476 1417 1529 hoe
1440 1481 1493 1540 est,
1516 1475 1813 1545 propriauolut'ttatis

1021 1562 1254 1619 irrationabilibus
1269 1564 1397 1627 teretibus,
1412 1578 1446 1618 ex
1460 1578 1493 1618 ea
1509 1572 1585 1619 recta
1607 1564 1815 1629 reductionem

1022 1661 1074 1719 est,
1088 1653 1190 1722 abipsa
1206 1663 1279 1708 recta
1293 1668 1374 1709 verae
1387 1655 1408 1686 ¹¹
1424 1653 1559 1723 religionis
1569 1653 1627 1718 ria,
1642 1664 1771 1723 quaeest
1790 1653 1815 1708 in

1022 1744 1151 1809 diuinum,
1174 1759 1243 1813 quae
1264 1744 1389 1800 videlicet
1415 1744 1488 1799 ducit
1501 1745 1528 1798 itt
1543 1742 1670 1798 divinum
1694 1743 1751 1798 reri
1771 1743 1815 1799 liei

181 1843 295 1886 ttosrtum
308 1832 463 1886 ierarchiam
484 1831 588 1901 Angelis
605 1831 748 1897 distribuit,
762 1833 903 1902 principem
921 1833 972 1886 iu·
987 1822 1009 1880 B
1023 1835 1125 1890 cultum
1140 1835 1174 1900 ¹¹,
1186 1844 1214 1890 et
1226 1835 1276 1890 ltoe
1289 1834 1330 1889 eis
1345 1834 1435 1889 evenit
1450 1847 1543 1888 amore
1555 1833 1680 1903 proprio.
1693 1830 1730 1888 Se
1744 1847 1815 1887 nam·

180 1922 306 1976 docorum
327 1920 417 1991 populi
437 1920 551 1974 dlicltoel
563 1922 712 1983 annotinum,
727 1930 751 1975 et
777 1920 842 1974 ulios
856 1922 971 1990 gentium
1022 1941 1074 1995 qne
1088 1926 1172 1996 ipsos,
1186 1941 1240 1980 uon
1253 1926 1335 1979 heum
1345 1940 1424 1979 snum
1434 1922 1813 1994 amabantinilatisnperbit,

179 2012 287 2067 amicos.
301 2010 398 2066 Statuit
422 2011 490 2064 eninr
507 2010 623 2064 oscelsus
646 2011 769 2064 terminos
787 2011 903 2081 petatium
928 2026 971 2063 se·
1021 2018 1081 2087 plus
1093 2026 1234 2073 creaturae
1256 2016 1416 2080 servientes,
1442 2029 1522 2085 quam
1537 2012 1676 2080 Creatori,
1696 2024 1726 2070 et
1742 2014 1811 2069 cultu

179 2103 441 2156 cendumntmerum
455 2098 613 2169 Andelotum
638 2098 698 2152 Dei·
713 2098 855 2165 Quoniam,
872 2098 970 2167 ἱιιιιῑιῑῑ,
1022 2107 1177 2176 opinionum
1200 2120 1308 2161 suarum
1337 2103 1439 2158 seducti
1464 2110 1537 2156 sunt.
1558 2100 1815 2157 corrationabiliter

178 2196 272 2251 abruta
283 2193 422 2249 ¹otnniunt
436 2207 518 2248 eausa
530 2190 745 2261 etangelicarum
756 2198 783 2244 ct
793 2191 971 2245 humanarum
1021 2197 1087 2266 ipsis
1098 2195 1238 2261 diuinitus,
1250 2196 1300 2249 huc
1313 2200 1365 2258 est,
1379 2193 1571 2248 conuenienter
1590 2192 1634 2248 eis
1648 2192 1746 2249 (lirino
1757 2208 1814 2248 eon·

178 2285 375 2341 ierarchiarum
402 2281 540 2337 deseendit
559 2279 707 2349 processio,
732 2289 760 2333 ει
774 2277 807 2333 ad
822 2279 906 2348 ipsam
920 2279 970 2333 ite·
1021 2285 1082 2341 silio
1096 2286 1147 2341 hnc
1162 2285 1221 2339 beri
1233 2299 1392 2339 cottcossnm
1406 2283 1441 2335 ¹¹.
1455 2281 1578 2337 Tradidit
1593 2283 1669 2338 enim
1688 2299 1739 2339 eos
1751 2283 1815 2341 heus

179 2393 239 2431 runt
252 2375 374 2430 ascendit
389 2373 507 2428 reversio
520 2388 528 2437 ;
542 2379 683 2441 propterea
699 2372 832 2442 theologia
848 2380 970 2428 nostram
1021 2377 1048 2432 in
1070 2376 1214 2446 reprobunt
1234 2389 1355 2438 sottsum,
1369 2382 1399 2427 ut
1419 2370 1533 2436 iaciant,
1550 2386 1622 2441 quae
1642 2387 1700 2427 non
1722 2386 1814 2429 eonte-

180 2465 341 2521 ierarchiam
358 2462 459 2530 attgelis
472 2462 619 2528 distribuit,
635 2463 686 2518 hoc
701 2472 753 2527 est,
768 2462 971 2531 angelisdistri-
1020 2468 1108 2522 niunt.
1124 2465 1182 2520 llos
1207 2466 1355 2535 perhibetur
1381 2473 1404 2518 et
1425 2465 1480 2534 ipse
1501 2461 1690 2518 hebraeorum
1709 2463 1814 2535 popttltt

179 2557 272 2611 butant
288 2553 378 2607 tradit.
394 2551 545 2621 Principem
560 2568 676 2622 namque
690 2552 794 2608 ludaici
812 2551 903 2623 populi
919 2551 969 2606 rti-
1020 2574 1153 2628 perpestas
1174 2574 1238 2611 esse.
1254 2557 1322 2622 lloc,
1339 2555 1364 2610 id
1388 2567 1440 2620 εει,
1458 2569 1492 2610 ex
1509 2564 1584 2610 reeta
1605 2555 1663 2622 uia,
1679 2571 1813 2626 quanam

178 2643 257 2701 chael
281 2643 412 2708 nominat,
427 2659 480 2714 quo
496 2659 549 2698 utto
574 2643 756 2715 argumento¹
770 2644 910 2708 docemur,
926 2657 971 2698 ee-
1021 2649 1215 2713 bonacontus,
1232 2647 1302 2703 siout
1322 2656 1351 2701 ot
1374 2654 1483 2702 ceterae
1502 2644 1641 2710 nationes,
1666 2647 1810 2703 recessisse

180 2747 251 2794 teras
265 2736 347 2792 totius
362 2736 452 2791 ttmndi
467 2737 590 2793 nationes
602 2753 665 2794 suos
680 2737 816 2808 principes
836 2738 971 2807 angelicos
1022 2741 1145 2811 idolaque
1169 2740 1284 2795 coluisse
1318 2737 1475 2808 perhibetur
1509 2735 1663 2792 llebraicus
1692 2736 1813 2807 populus,

178 2829 289 2892 habere,
305 2841 373 2896 qnos
386 2835 464 2881 tuear
476 2826 596 2896 gentium
611 2826 724 2880 amicos.
740 2827 971 2904 Doceat-namque
1022 2831 1135 2901 ideoque
1166 2828 1296 2882 ultionem
1316 2827 1435 2881 divinam
1449 2840 1596 2896 perpessus
1616 2834 1671 2881 εει.
1684 2824 1811 2896 Cognitio-

178 2919 376 2991 generationes,
403 2916 499 2987 quibus
519 2926 656 2987 praesunt,
682 2917 717 2971 ad
741 2916 820 2971 unius
840 2900 970 2971 veri'llei
1021 2935 1078 2973 rtem
1101 2916 1305 2982 assimilastis,
1320 2913 1524 2984 ¹¹repulisti,et
1547 2923 1604 2983 post
1616 2929 1664 2968 cor
1677 2915 1812 2969 ιεεεεεει

177 3008 278 3063 cultum
303 3007 424 3063 converti
450 3007 482 3060 ¹¹.
501 3006 615 3062 llichaol
644 3014 732 3062 nutem
753 3007 968 3076 interpretatur:
1020 3007 1249 3078 sti.Neqtteeuim
1273 3015 1389 3060 coaetant
1413 3005 1537 3059 habemas
1559 3005 1655 3069 uitem,
1682 3021 1812 3077 nepotpu

178 3101 245 3167 Quis
259 3100 330 3154 sicut
346 3099 490 3154 Deusltel
503 3113 553 3168 pax
569 3098 659 3164 fortis,
679 3100 706 3154 id
723 3107 774 3163 εει,
790 3115 842 3168 pax
858 3100 917 3164 bei,
928 3098 969 3153 vel
1021 3099 1182 3168 provisorum
1196 3097 1329 3169 propriant
1348 3105 1500 3166 potestatem
1521 3095 1611 3149 diuino
1624 3094 1812 3167 iuninnproti·

148 3186 156 3197 ⁰
178 3190 221 3244 rit
233 3189 350 3244 virtutis.
363 3189 439 3256 Quod
458 3200 549 3245 autent
569 3188 720 3244 introdusit
736 3206 744 3242 ε
763 3189 859 3242 statuit
881 3157 1005 3243 euecl-C
1021 3190 1070 3243 doe
1090 3188 1289 3242 illuminationis
1311 3186 1502 3251 obcaecantur,
1523 3185 1569 3239 sed
1597 3183 1811 3240 intellectualium

178 3295 225 3334 sus
253 3279 382 3335 terminos
396 3281 516 3351 gentium
540 3278 687 3334 secundum
704 3292 847 3331 numerum
861 3278 969 3347 angelo·
1019 3283 1145 3336 visionum
1156 3279 1341 3334 dissimilitudo
1352 3277 1517 3349 superplena
1531 3287 1646 3347 paterno
1665 3274 1780 3333 torholt
1791 3274 1812 3308 ¹¹

181 3388 240 3427 runt
257 3371 315 3439 ber,
331 3387 386 3427 non
398 3373 435 3427 ita
455 3370 667 3441 intelligendum,
684 3376 712 3421 ut
722 3367 827 3436 opinor,
840 3369 918 3437 quasi
931 3376 970 3423 tot
1019 3369 1084 3424 lucis
1097 3369 1273 3432 dottntiotrcm,
1289 3377 1335 3420 out
1349 3368 1453 3421 omnino
1467 3382 1520 3420 nott
1531 3366 1725 3435 participatum
1742 3365 1809 3437 pont,

177 3469 270 3533 gentes
283 3461 337 3518 sint
349 3468 376 3516 et
391 3460 509 3531 linguae,
521 3468 588 3529 quot
603 3455 689 3526 angeli
704 3455 770 3521 llei3
787 3456 834 3511 sezl
856 3465 894 3511 tot
905 3466 969 3512 sunt
1019 3467 1043 3511 er
1056 3456 1090 3512 od
1104 3472 1196 3510 eorum
1211 3455 1422 3523 relocatotiottent
1434 3471 1487 3509 nott
1499 3452 1681 3520 distributam,
1695 3463 1744 3509 εει
1753 3468 1809 3524 ptr·

178 3553 286 3609 termini
302 3552 434 3624 gentiunt,
461 3557 528 3621 quot
547 3548 568 3578 ¹¹
583 3562 711 3602 numeras
734 3557 776 3601 est
802 3546 967 3620 angolorum,
1020 3545 1180 3616 ticipotiortet
1208 3543 1270 3612 [orit
1292 3543 1453 3614 differerttes,
1465 3559 1559 3613 portet
1569 3550 1616 3597 εει
1638 3542 1809 3616 magnami-

175 3648 223 3718 qui
241 3645 395 3718 specialiter
407 3643 544 3713 principes
555 3642 575 3673 ¹¹
593 3655 686 3695 earuttt
706 3639 845 3694 constituti
860 3638 881 3668 ¹⁸
896 3647 967 3693 snut.
1019 3652 1111 3694 scaros
1122 3650 1168 3690 out
1187 3635 1284 3701 claros,
1302 3636 1380 3690 euius
1396 3645 1419 3690 et
1431 3634 1557 3705 simplicit
1570 3643 1595 3690 et
1618 3652 1723 3707 semper
1738 3635 1762 3669 ¹¹
1772 3652 1809 3691 to-

213 3737 227 3810 ι
241 3739 269 3792 5.
281 3737 311 3793 st
323 3744 410 3790 uatem
425 3733 482 3804 quis
497 3733 604 3797 dixerit,
613 3742 636 3786 et
650 3731 778 3801 quomodo
790 3729 969 3784 Hebraeorum
1019 3729 1078 3783 dem
1089 3727 1168 3782 motio
1184 3725 1303 3780 habentis
1315 3735 1340 3781 et
1352 3726 1540 3797 superexpansi
1562 3724 1674 3793 soutolit
1690 3727 1768 3783 raclii.
1780 3725 1804 3779 ln

176 3826 289 3897 populus
311 3823 434 3876 retlucttts
447 3831 484 3877 est
497 3821 570 3876 tolus
591 3822 618 3876 itt
629 3822 732 3875 diuinus
753 3821 968 3886 itturrtsntttiones,
1020 3819 1072 3872 hac
1084 3823 1177 3871 autem
1189 3814 1322 3870 sententia
1332 3814 1498 3871 liberrimam
1515 3815 1659 3872 rationalis
1673 3825 1805 3873 erettmae

176 3915 276 3970 ceteris
290 3912 444 3968 nationibus
455 3913 482 3967 in
499 3913 618 3967 tenebris
630 3912 799 3982 ignorantiae
811 3922 892 3981 atmte
905 3926 969 3981 por·
1020 3908 1192 3964 commendat
1204 3907 1358 3972 arbitrium,
1371 3915 1399 3962 et
1413 3906 1602 3977 superplenam
1617 3917 1751 3977 paternae
1764 3906 1806 3962 bu·

176 4003 257 4059 lidiae
269 4004 385 4059 detentis
411 4015 474 4060 ame
499 4006 715 4060 incarnationem
738 4004 786 4060 bei
804 4005 969 4066 herbidum
1021 4001 1126 4066 nitatis,
1139 4000 1326 4070 infinitamque
1338 3999 1565 4057 illuminationum
1576 4000 1805 4059 communiterbe

176 4108 272 4152 otmtes
285 4094 410 4152 similiter
419 4096 546 4152 ductores
558 4097 678 4167 angelos,
693 4097 764 4152 sicut
778 4095 904 4160 llebraei,
919 4095 970 4149 lta·
1022 4092 1109 4146 mattis
1120 4090 1218 4146 animis
1224 4089 1392 4146 ell'nsionem.
1403 4091 1525 4146 hiteuim
1539 4109 1546 4145 :
1559 4094 1804 4162 neque¹¹ooacttm

177 4185 285 4252 herent,
309 4189 526 4256 respondentium,
551 4189 613 4259 quin
629 4205 682 4242 nort
706 4187 864 4258 Angelorum
888 4198 971 4241 rectos
1021 4181 1068 4237 sed
1080 4179 1192 4235 liberam
1209 4194 1258 4235 nos
1273 4179 1397 4234 homines
1412 4180 1542 4235 habemus
1565 4181 1663 4238 tilam.
1677 4178 1804 4267 hrt-{rdi-

173 4277 297 4333 scientius
313 4280 434 4332 accusari
445 4288 545 4349 oportet
563 4277 676 4332 oliorum
694 4277 715 4308 ¹¹
730 4278 845 4348 gentiunt
865 4279 894 4332 in
917 4293 970 4332 nott
1021 4279 1094 4328 cerel
1115 4270 1193 4326 :Non
1212 4272 1272 4328 ideo
1292 4270 1417 4325 conditor
1430 4279 1458 4325 et
1470 4270 1745 4328 ordinatoromninm
1764 4283 1802 4326 ιε

173 4370 310 4425 mareotes
337 4370 398 4425 tros
423 4371 446 4402 ¹¹
475 4387 573 4427 errore.
602 4361 840 4441 Respondendutn,
871 4371 969 4441 inquit,
1023 4363 1124 4417 tionum
1139 4362 1274 4432 principes
1289 4361 1453 4431 angeloseis
1470 4363 1645 4433 praeposuit,
1667 4362 1801 4419 utossit·
1849 4392 1851 4399 ·

173 4464 236 4534 tpuia
256 4464 390 4521 nerninem
400 4474 508 4534 oportet
519 4479 651 4521 accusare
660 4473 751 4519 rectas
762 4463 902 4525 scientias,
916 4464 1006 4550 hocD
1021 4453 1103 4517 tritas,
1114 4450 1307 4521 ³b⁸l¹¹⁰¹¹b0¹¹
1321 4450 1424 4506 ”bimi
1436 4451 1568 4521 ιιιθῑῑω,
1578 4450 1614 4509 ²¹¹
1625 4451 1726 4509 cubum
1736 4463 1799 4508 ⁸¹⁰¹

173 4564 226 4621 est,
244 4554 427 4623 rectajndieia
443 4565 600 4611 sanctorum
617 4555 786 4625 angelornm,
803 4563 967 4624 propterer—
1020 4551 1230 4608 consenescam
1255 4543 1278 4597 si
1300 4541 1373 4596 enim
1387 4541 1438 4597 hoe
1458 4544 1548 4608 lieret,
1563 4542 1675 4602 ditione
1695 4542 1797 4616 proiecte

174 4659 263 4699 rorem
278 4644 298 4676 ¹¹
316 4645 430 4698 aliarum
443 4644 561 4712 gentium
582 4644 609 4698 in
625 4658 678 4696 non
697 4643 856 4708 existentes,
878 4642 905 4695 in
918 4638 967 4694 lal·
1020 4634 1146 4704 imaginis
1160 4632 1243 4703 gloria
1258 4633 1285 4687 in
1300 4632 1457 4688 servitutem
1469 4634 1579 4689 redacta
1593 4634 1751 4700 ritescerou
1762 4628 1795 4688 sel

174 4745 221 4785 sos
232 4731 356 4786 uidelicet
372 4731 448 4797 deos,
465 4733 511 4800 qui
525 4748 579 4788 nott
591 4743 665 4796 sunt,
679 4732 807 4801 qnoniam
821 4731 967 4785 daemones
1019 4731 1163 4794 propterea
1181 4724 1290 4794 angelos
1302 4739 1365 4779 suos
1383 4724 1579 4781 ¹nescientibus
1593 4740 1623 4781 se
1635 4721 1796 4798 generationi

175 4816 965 4889 eorumqueludibria,miserrimarumquerationabilium¹¹
1020 4815 1072 4870 bus
1086 4814 1299 4884 praeordinavit,
1313 4821 1341 4867 ut
1354 4812 1462 4868 occulta
1475 4821 1503 4867 ει
1516 4812 1681 4887 intelligibili
1692 4811 1798 4872 somni·

176 4907 326 4962 animarum
359 4908 553 4963 irrationabilia
576 4910 793 4964 machinamenta
815 4910 967 4978 probantur
1021 4905 1093 4961 tione
1113 4903 1301 4960 intellectualis
1312 4903 1479 4968 rationalem,
1494 4903 1719 4975 adeognitionetn
1728 4902 1799 4960 Cret·

823 5064 952 5121 rutilae
970 5060 1173 5119 tetriores,

215 5186 422 5242 ¹thicrnrchicis.
459 5187 613 5243 ¹st'com.B.
651 5179 1396 5256 ¹Sicilia,llosuperioribustlesceutlit(punct.atlj.ll'‚l
1434 5182 1519 5235 *llut
1559 5177 1832 5238 'commaimilitc‘

175 5290 201 5338 ct
225 5281 251 5336 itt
270 5295 321 5332 cmo
342 5287 504 5334 omncscet.
544 5279 695 5349 ‘usupct
723 5258 893 5346 miser-‘tiu‘
918 5258 1064 5332 ¹esuum<
1090 5273 1121 5326 b.
1159 5270 1314 5334 ἸΕιιιειιιΙι,
1335 5270 1401 5325 ABG
1421 5287 1482 5325 ww·
1523 5264 1847 5331 'Siesselctrtnss‘z

173 5351 219 5409 hb
233 5359 383 5420 augmento.
422 5349 444 5380 ¹¹
464 5348 852 5404 nocent—com·ertiottt.h.
892 5347 912 5378 ¹¹
935 5347 963 5399 b·
980 5343 1321 5414 corr.qttotus,Cpuotus.
1376 5341 1397 5373 ¹¹
1418 5341 1437 5393 ll
1462 5341 1591 5410 principer
1616 5334 1851 5408 specialiterss)

176 5422 307 5493 prittccps.
348 5419 369 5452 ¹²
389 5409 1289 5493 Solusittdiuinusilhuniuutiouesotu.AB,atltnatg3adser313‘.
1330 5410 1351 5442 ¹⁸
1371 5410 1670 5465 demutandorum.
1709 5397 1851 5465 ''der“

175 5507 229 5547 ont.
252 5493 283 5555 Α,
301 5490 577 5560 ειιιιιιιμιιεειιιι.
618 5488 639 5520 ¹¹
657 5489 711 5543 Sic.
733 5488 963 5553 (imbuturum.
1002 5487 1023 5517 ¹¹
1044 5483 1074 5537 ll.
1091 5479 1343 5549 rattortnhthttnrrpte.
1384 5481 1404 5511 ¹¹
1422 5480 1453 5533 ll.
1472 5479 1528 5534 rad.
1552 5494 1625 5535 eorr.
1640 5480 1713 5551 fecit.
1749 5448 1851 5559 ”aa

176 5561 325 5632 opinionum
349 5561 561 5615 culludioinitus
581 5558 825 5614 corrationabiliter.
865 5556 887 5587 ¹⁰
908 5552 1092 5621 sirmium
1110 5548 1258 5636 illaudati
1279 5549 1338 5604 illos
1358 5548 1531 5621 (phoebadi.
1550 5548 1607 5622 8⁶.)
1643 5552 1667 5588 ¹¹
1685 5548 1818 5606 Slect'

177 5663 245 5703 ettrr.
263 5651 292 5702 ll‘
310 5667 317 5703 z
336 5650 380 5706 AB
406 5653 498 5706 uicere.
538 5654 561 5685 ¹¹
587 5649 710 5704 detritu.
749 5648 824 5713 ¹⁸,B‘
850 5647 917 5705 inira
947 5647 1036 5701 miser.
1066 5654 1103 5700 est
1131 5655 1297 5699 concessum.
1335 5639 1358 5673 ¹¹
1376 5639 1430 5696 Pro
1443 5639 1512 5696 enlm
1534 5638 1678 5699 botuli
1696 5636 1851 5701 cithii!

178 5716 330 5773 “ianitore
361 5731 479 5790 poterim.
518 5723 541 5756 ¹¹
557 5720 635 5778 Gerr.
657 5719 800 5787 13⁴,th
827 5737 882 5790 pcc.
920 5719 942 5752 ¹¹
962 5716 1052 5772 Bure.
1799 5742 1832 5762 f
