3984 6534
194 413 244 469 roa
471 403 478 420 “

754 414 785 470 C.
804 414 836 470 B.
857 411 1270 473 mutuarentrumrtrto

1769 416 1818 473 tot

193 533 354 584 documento
375 536 417 583 est
430 525 515 598 ‚lquid
534 531 565 583 de
586 543 619 582 oo
638 528 740 584 Ronrac
760 538 786 583 ct
804 530 829 584 in
845 531 902 600 ipsa
921 530 980 585 aula
995 535 1018 592 ,t
1033 527 1223 598 discipulorum
1250 529 1465 584 tnnmltuantium
1489 528 1655 599 graphiariis
1669 528 1751 600 (Peg.
1777 530 1816 600 tt)

192 620 348 691 porrtihcia,
369 619 431 674 licet
444 620 515 673 larua
530 620 652 691 arnbigna
666 619 730 673 olim
744 633 869 688 aspersus
887 627 979 685 esset,

192 713 374 779 existimatum
394 711 483 766 licerit.
499 711 622 766 Studium
637 721 739 766 tantum
761 711 872 765 rainrium
886 711 980 765 arche·

193 802 249 873 typi
270 803 302 855 ad
320 803 431 856 verlnrm
446 800 626 856 transferendi
643 802 669 855 in
681 817 712 856 oa
726 801 848 856 versione
862 801 977 854 Anasta·

191 896 247 950 sins
262 894 512 964 reprehendendum
536 908 597 948 esse
621 894 739 962 putavit,
765 892 888 963 quamvis
914 890 978 944 illud

189 987 307 1040 studium
323 985 482 1039 «humilitati
497 1004 506 1036 ι
519 984 650 1054 Erigonae
663 985 695 1038 ad
706 984 783 1056 (Peg.
795 983 826 1052 V)
835 983 975 1038 scriberet.

187 1078 357 1132 Postremum
372 1082 373 1086 ’
389 1076 462 1130 eirca
494 1091 593 1130 annum
618 1073 670 1130 8¹10
692 1075 814 1128 doctrina
839 1072 976 1128 Paschasil

187 1167 317 1222 lladberti
333 1167 365 1220 de
378 1166 566 1231 Enclraristia,
586 1181 655 1234 quae
673 1166 854 1234 praesentiam
875 1164 975 1220 Christi

186 1272 257 1326 pone
271 1257 361 1310 nimis
384 1256 517 1310 carnalem
539 1264 566 1310 et
585 1258 653 1311 adeo
671 1256 896 1326 caphernaiticam
921 1265 976 1310 sta-

187 1347 251 1407 tuit,
269 1359 366 1398 novam
380 1344 406 1397 in
423 1344 536 1400 ecclesia
556 1347 765 1400 controversiam
786 1345 973 1400 suscitaverat.

186 1434 274 1488 Etiam
288 1434 403 1504 Erigena
418 1435 481 1488 huie
494 1436 695 1489 oorrtruversiae
722 1451 752 1490 se
765 1433 920 1499 immiscuit,
948 1441 976 1489 et

185 1541 246 1581 cnm
268 1526 415 1580 llatramno
434 1527 602 1595 potissimum
620 1527 759 1596 spirituale
772 1527 905 1598 dogmatis
918 1543 975 1583 mo·

184 1623 303 1670 mentum
320 1614 474 1670 illustravit.
495 1615 569 1682 Quae
580 1616 735 1684 singillatim
752 1617 785 1670 de
803 1617 973 1670 Eucharistia

184 1707 326 1770 docuerit,
350 1706 501 1769 neseinms,
528 1721 611 1773 qnam
626 1706 709 1771 liher,
726 1706 771 1775 qui
787 1705 974 1776 aquibustlam

185 1796 316 1865 Erigonae
330 1796 483 1865 adscriptus
497 1806 548 1861 ost,
564 1796 678 1851 lortassc
695 1797 750 1866 jam
775 1807 838 1851 ante
853 1798 973 1852 seculum

1033 631 1144 675 necatus
1158 622 1212 675 vita
1229 622 1344 676 decessit
1360 622 1407 692 (cl.
1423 621 1504 677 Fama
1518 622 1655 691 perhibet,
1680 630 1744 692 p0.·t
1764 624 1816 691 ojus

1031 720 1144 766 nrortem
1159 698 1240 782 snper
1257 713 1410 781 sepulerum
1424 713 1481 782 ejus
1502 711 1587 768 lucem
1611 713 1713 767 miram
1735 716 1815 770 visam

1029 800 1133 865 luisse,
1152 816 1265 872 eamque
1288 813 1341 859 tam
1360 806 1404 859 diu
1426 804 1585 870 refulsisse,
1610 805 1701 860 donoc
1727 807 1751 861 ei
1773 809 1816 861 bo-

1028 891 1131 945 nestius
1144 893 1225 946 etiam
1251 894 1402 964 sepulerum
1422 895 1449 948 in
1470 893 1573 964 majore
1588 893 1814 953 llalmesburien-

1028 981 1097 1034 sium
1106 981 1401 1055 eeclesiaprupealtare
1411 986 1599 1053 pararetur&
1610 985 1701 1053 Quam
1710 990 1747 1043 nb
1757 1005 1814 1044 cau·

1027 1085 1085 1124 sam
1111 1086 1164 1125 non
1187 1073 1288 1140 minus,
1305 1089 1385 1144 qoam
1405 1083 1518 1144 propter
1533 1075 1609 1131 ritae
1633 1076 1813 1149 integritatem

1027 1162 1054 1217 in
1072 1163 1236 1221 Francorum
1250 1166 1450 1238 llnglorumque
1464 1168 1670 1240 martyrologiis
1684 1185 1770 1241 usque
1784 1174 1814 1228 ad

1027 1268 1128 1310 anirum
1144 1256 1223 1322 1585,
1241 1274 1294 1328 quu
1308 1256 1490 1314 Romanorum
1504 1259 1567 1314 libri
1579 1259 1704 1331 liturgici
1719 1263 1814 1319 inducti

1026 1353 1099 1409 sunt,
1126 1346 1196 1400 inter
1219 1356 1327 1403 sanctes
1351 1358 1483 1420 martyres
1507 1362 1744 1408 commemoratas
1767 1362 1811 1409 est

1027 1431 1127 1489 Sancte
1138 1426 1216 1500 risit,
1230 1451 1318 1506 neque
1332 1454 1451 1508 unquam
1464 1438 1523 1507 ejus
1536 1441 1604 1507 vita,
1628 1442 1680 1498 scd
1695 1444 1813 1514 solacius

1025 1521 1148 1577 doctrina
1168 1524 1303 1580 interdum
1321 1527 1471 1596 vituperata
1487 1538 1547 1596 ost,
1571 1535 1704 1600 quamvis
1718 1534 1812 1590 ineerta

1026 1623 1053 1667 et
1069 1614 1204 1685 ambigua,
1221 1623 1249 1671 ut
1266 1618 1392 1685 vidimus,
1418 1619 1463 1674 illa
1488 1620 1555 1703 sint,
1579 1637 1653 1692 quae
1667 1625 1812 1696 antiquiore

1027 1712 1149 1775 tempure
1168 1707 1297 1762 aurursus
1316 1709 1504 1764 orthodoxiam
1525 1711 1585 1778 eius
1603 1727 1737 1785 suscepta
1759 1733 1813 1774 esse

1026 1795 1163 1849 dicuntur.
1180 1795 1287 1851 Statura
1304 1799 1417 1870 exiguus
1435 1798 1505 1866 luit;
1523 1802 1608 1855 animi
1633 1818 1702 1860 vero
1714 1807 1811 1862 eultura

183 1889 355 1942 undecimum
376 1887 509 1940 interierit
520 1888 546 1940 ⁴¹.
559 1888 673 1940 Dnhinnr
687 1888 759 1941 enim
773 1903 825 1943 nun
842 1899 894 1953 est,
910 1890 974 1956 quin
990 1890 1012 1949 B
1027 1885 1150 1955 insignis,
1164 1886 1272 1958 ingenio
1286 1890 1342 1944 aeri
1356 1897 1385 1944 et
1395 1889 1514 1956 sublimi,
1530 1892 1650 1949 scientia
1664 1903 1720 1951 tam
1731 1898 1811 1969 ampla

181 1978 224 2034 vel
237 1980 307 2035 idem
322 1979 366 2034 vel
380 1977 449 2034 alius
462 1979 529 2033 liber
543 1981 575 2033 de
590 1979 768 2043 Eucharistia,
792 1977 867 2046 cnjus
880 1989 973 2033 aneto-

182 2074 264 2127 ritate
284 2071 465 2140 berengarins
479 2087 544 2125 usus
559 2079 609 2134 cst,
630 2071 719 2138 etqui
740 2071 767 2124 in
791 2069 906 2125 concilio
921 2069 972 2123 Pa-

181 2161 254 2215 risiis
267 2160 385 2215 llenrico
400 2160 410 2215 l
426 2176 488 2230 rege
503 2161 596 2214 habito
607 2161 760 2224 ‹larrnnatns
775 2168 855 2231 atquc
869 2161 895 2215 in
909 2175 972 2215 con·

179 2253 242 2307 cilio
258 2251 423 2307 Vercellensi
438 2267 463 2304 a.
478 2251 546 2304 l050
563 2260 752 2305 eorrerernatus
764 2258 821 2314 cst,
837 2264 925 2319 neque
937 2249 971 2304 ab

179 2343 316 2412 Erigone,
333 2357 421 2411 neque
442 2341 612 2394 altor-trama
634 2341 770 2409 quodam,
799 2341 846 2394 sed
873 2354 888 2392 a
915 2339 970 2393 lta-

180 2440 290 2483 tramno
309 2429 475 2499 perscriptus
489 2431 524 2483 sit
543 2427 592 2499 (a).
610 2427 753 2481 llarirnum
767 2436 856 2482 autem
868 2437 895 2481 ot
906 2443 968 2496 gra·

180 2521 320 2575 vissimum
344 2519 477 2588 Erigonae
495 2532 563 2586 opus
577 2527 619 2570 est
639 2517 671 2570 do
694 2516 826 2571 divisione
852 2515 969 2570 Naturae

180 2611 312 2678 dialogus,
327 2609 447 2679 quinquo
459 2607 536 2661 libris
550 2615 688 2661 constans.
702 2605 752 2672 Qui
772 2620 825 2674 quo
848 2614 969 2677 tempure

178 2701 350 2771 coriscriptus
363 2701 408 2764 sit,
425 2699 577 2763 nescimus;
592 2698 779 2753 auctoritatem
793 2713 857 2753 vero
872 2708 967 2752 nactus

176 2801 218 2846 cst
234 2791 317 2846 rnnlto
328 2790 458 2845 minorem
466 2803 509 2852 ea,
517 2803 599 2857 quam
610 2787 718 2842 rnoruit.
728 2786 784 2841 Non
794 2787 881 2841 ririnns
894 2788 966 2842 onim

176 2882 286 2936 doctum
300 2896 380 2953 qnam
397 2879 566 2952 ingeniosum
585 2878 702 2947 primum
713 2887 756 2933 est
777 2877 803 2932 in
820 2877 967 2933 Occidente

141 3030 144 3037 ,
178 2990 244 3044 opus
261 2974 452 3046 theologicum,
464 2972 545 3051 qnod,
559 2970 648 3026 indole
659 2971 770 3025 omnino
780 2969 966 3041 philosophica

175 3066 335 3135 praeditum,
353 3063 503 3118 sententias
516 3076 562 3116 eas
576 3062 712 3132 proponit,
726 3062 824 3130 quibus
838 3071 864 3117 et
886 3063 966 3117 scho-

175 3154 331 3206 lasticorum
342 3152 427 3218 logica
438 3159 465 3206 ot
476 3153 588 3222 mystica
604 3152 707 3205 mediae
718 3153 817 3204 aetatis
832 3152 964 3219 theologia

1025 1992 1105 2046 qnam
1119 1975 1263 2046 profunda,
1285 1977 1424 2033 dialectiea
1439 1978 1550 2035 Platone
1567 1989 1596 2035 et
1609 1981 1714 2040 Proclo
1728 1986 1809 2056 digvaa,

1022 2073 1189 2133 postremum
1202 2065 1291 2120 divino
1303 2068 1418 2136 quodam
1432 2069 1529 2124 mentis
1544 2070 1693 2140 instinctu,
1705 2090 1758 2144 que
1769 2091 1810 2131 ex·

1023 2155 1093 2210 celsa
1109 2170 1231 2224 quaeque
1257 2167 1285 2212 et
1298 2171 1426 2226 generosa
1445 2159 1626 2229 percipiebat,
1637 2161 1809 2236 investigabat

1022 2255 1050 2302 et
1067 2248 1100 2301 ad
1113 2255 1265 2302 extremum
1280 2263 1366 2317 usque
1379 2248 1565 2320 contemplans
1580 2255 1807 2322 perserutabatur,

1021 2335 1100 2407 longo
1116 2336 1246 2407 plurimos
1258 2347 1285 2392 et
1299 2339 1471 2395 doctissimos
1484 2340 1643 2410 aequalium
1665 2346 1804 2416 superarit

1056 2426 1199 2498 Erigenam
1212 2428 1291 2483 multi
1310 2430 1456 2501 multisque
1471 2433 1558 2488 raedis
1571 2448 1721 2506 perperam
1739 2432 1812 2496 inte'

1019 2517 1154 2584 leremnt,
1187 2518 1213 2575 id
1233 2521 1303 2588 quud
1332 2521 1390 2576 llori
1411 2536 1480 2591 pene
1501 2539 1622 2592 neeesse⁴
1642 2525 1707 2595 luit,
1732 2545 1804 2602 quam

1020 2625 1237 2680 unamquamque
1251 2612 1404 2680 veritatem,
1430 2631 1511 2684 quam
1531 2616 1695 2678 acutissime
1715 2622 1801 2692 potuit,

1018 2699 1170 2769 exprimere
1180 2703 1312 2770 studeret,
1323 2695 1353 2759 et
1361 2704 1469 2776 ingenio
1482 2707 1626 2780 indulgens
1639 2715 1761 2785 uppcslta
1771 2715 1802 2770 ita

1018 2790 1235 2860 amplecteretur,
1253 2804 1281 2848 ut
1293 2794 1360 2849 loeis
1373 2796 1434 2852 aliis
1445 2798 1495 2852 alia
1509 2808 1536 2853 et
1548 2800 1659 2859 diversa
1671 2805 1706 2862 de
1717 2807 1801 2862 eaden

1019 2894 1048 2934 re
1062 2880 1198 2935 disserens
1219 2881 1246 2935 in
1263 2891 1406 2955 ntrarnque
1419 2894 1524 2956 partem
1539 2890 1651 2946 modum
1666 2909 1748 2967 prope
1762 2910 1801 2950 cx·

1018 2971 1232 3038 cadurchorum
1250 2973 1285 3028 eb
1300 2989 1407 3030 cansam
1421 2976 1493 3032 haud
1508 2977 1588 3036 laeile
1599 2986 1801 3056 unumquodque

1018 3060 1077 3128 ejus
1089 3060 1201 3122 dietum,
1220 3061 1242 3116 si
1263 3078 1296 3116 cx
1318 3065 1448 3122 orationis
1468 3077 1598 3125 cunmxtu
1618 3072 1798 3147 abrumpatur,

1018 3149 1161 3205 tlelcndore
1172 3167 1265 3220 queas.
1274 3152 1309 3206 tlt
1317 3152 1449 3212 affirmare
1459 3158 1600 3227 audemus,
1608 3152 1682 3227 eum,
1690 3165 1715 3220 si
1727 3173 1799 3221 totum

176 3243 322 3296 rrraximam
350 3250 453 3310 partem
480 3242 544 3295 nixa
567 3239 733 3294 eorrsiderari
752 3247 851 3306 potest.
876 3239 964 3306 Quum
979 3243 1002 3306 c
1019 3241 1158 3308 respicias,
1175 3243 1304 3298 amussim
1317 3246 1441 3301 veritatis
1461 3263 1595 3319 nusquam
1607 3259 1798 3327 transgressum

176 3344 266 3390 antem
279 3334 369 3390 seculo
383 3349 431 3388 xrn
453 3333 610 3403 Albigenses
630 3333 758 3387 haeretici
771 3331 874 3401 aliquot
887 3331 965 3399 hrrjns

177 3425 268 3495 operis
282 3424 354 3478 locos
370 3438 477 3494 semper
492 3424 518 3476 in
538 3436 585 3476 ore
600 3421 716 3485 terrent,
733 3429 759 3477 ct
773 3421 904 3493 Erigonae
918 3438 965 3476 au-

175 3515 305 3572 ctoritate
324 3513 526 3584 gloriarentur,
541 3511 675 3566 llonorius
688 3509 721 3566 lll
735 3526 805 3581 papa
821 3525 867 3566 cus
882 3511 964 3567 libros

175 3608 295 3678 undique
309 3605 431 3676 conquiri
446 3614 472 3660 et
487 3602 655 3660 concremari
665 3602 757 3674 jussit.
773 3601 884 3658 Praeter
898 3604 965 3659 haec
990 3607 993 3611 ’

173 3699 320 3772 praecipua
333 3739 341 3765 ,
366 3711 435 3768 qnae
450 3696 566 3768 Erigena
581 3695 701 3765 scripsit,
717 3710 815 3764 opera,
836 3695 964 3750 tredecim

175 3804 278 3848 tantum
310 3792 446 3864 hymnos,
479 3789 513 3844 ab
542 3788 638 3858 angelo
660 3787 729 3843 llaio
750 3788 776 3842 ln
806 3789 898 3844 codice
917 3804 964 3859 pa-

173 3884 314 3953 limpsesto
332 3892 474 3951 repertos,
490 3895 559 3949 quos
584 3877 697 3932 editioni
724 3885 833 3932 nostrae
856 3879 883 3931 in
912 3878 965 3933 line

175 3973 334 4041 adjecimus,
351 3973 502 4026 landandus
516 3984 576 4026 esse
591 3969 733 4034 dnvimns;
748 3978 848 4035 cetera,
865 3970 964 4040 partim

175 4062 306 4133 temporis
319 4063 419 4116 invidia
435 4061 590 4131 deperdita,
607 4060 658 4114 hoc
674 4060 733 4115 loco
748 4075 899 4115 memorare
913 4074 962 4114 no-

174 4155 275 4210 luimus
296 4153 345 4227 (h).
365 4154 467 4208 Forsan
485 4161 538 4205 tam
555 4151 713 4217 discordiae,
733 4168 802 4222 quae
819 4153 964 4225 Erigonam

174 4250 247 4305 inter
261 4258 288 4304 et
304 4247 396 4318 plures
411 4245 437 4298 in
455 4242 570 4297 Francia
584 4230 723 4299 sacrorum
740 4245 874 4302 antistites
889 4246 962 4315 paul-

174 4345 250 4402 latim
265 4346 486 4407 intercesserant,
498 4356 578 4412 qnam
590 4349 665 4396 retus
681 4338 725 4394 illa
737 4353 823 4410 papae
834 4337 936 4393 Nicolai
952 4336 963 4391 l
982 4418 984 4422 Α

174 4437 267 4495 cltatio
295 4432 460 4501 impulerunt
480 4432 639 4503 Erigonam,
668 4440 712 4495 nt,
741 4429 767 4483 id
793 4430 864 4497 quod
892 4443 963 4482 rrunc

173 4543 257 4600 prope
273 4531 351 4581 extra
365 4516 474 4582 dubium
489 4526 604 4596 positum
619 4531 661 4579 est
675 4519 869 4592 (probabiliter
888 4519 962 4574 eirca

1017 3333 1172 3403 essequod
1187 3336 1268 3390 etiarn
1290 3337 1419 3407 singulari
1440 3340 1512 3396 vitae
1534 3339 1594 3410 ejus
1604 3345 1747 3402 sanctitati
1758 3347 1798 3402 mi·

1016 3425 1090 3478 nime
1105 3426 1272 3482 conveniret.

1051 3514 1195 3571 Enimvero
1203 3516 1364 3587 vulgatailla
1375 3521 1518 3589 sententia,
1529 3535 1611 3594 quam
1621 3532 1708 3595 poeta
1717 3534 1798 3586 naara

1016 3613 1137 3675 tempore
1164 3607 1331 3665 clarissimus
1356 3612 1496 3682 protulit:
1524 3613 1618 3672 llundi
1645 3617 1797 3685 historiam,

1015 3697 1107 3752 mundi
1127 3713 1187 3754 esse
1219 3699 1350 3768 judicium
1373 3702 1424 3775 (ιι),
1443 3705 1566 3774 quamvis
1581 3706 1723 3768 interdum
1744 3726 1798 3768 rera

1015 3802 1075 3844 esse
1099 3790 1259 3861 reperiatur,
1285 3794 1443 3863 saepissime
1463 3804 1552 3851 tamen
1573 3796 1667 3867 lallit;
1692 3818 1798 3860 aecum

1015 3882 1148 3952 Erigonae
1161 3892 1254 3939 nestro
1268 3886 1377 3952 accidit,
1402 3895 1432 3941 ut
1450 3902 1520 3959 pene
1540 3904 1648 3959 omnes,
1676 3896 1726 3968 qui
1747 3910 1799 3951 mm

1015 3972 1237 4043 vituperaverunt
1249 3975 1292 4031 vel
1306 3975 1494 4044 laudaverant,
1510 3977 1692 4049 profunditati
1705 3995 1735 4042 et
1746 3999 1799 4042 aet·

1015 4061 1080 4116 mini
1091 4063 1149 4132 ejus
1159 4064 1296 4135 capiendis
1307 4066 1418 4121 minime
1432 4083 1512 4137 pares
1524 4067 1637 4137 luerint,
1645 4082 1733 4146 atque
1742 4077 1798 4130 adeo
1824 4102 1828 4109 ·

1014 4151 1107 4222 inique
1125 4153 1159 4208 de
1173 4169 1205 4207 eu
1214 4153 1416 4224 judicaverint,
1432 4159 1575 4228 perpaucis
1591 4168 1702 4218 tantum
1716 4165 1797 4229 altam,

1014 4258 1067 4313 qua
1092 4245 1229 4314 praeditus
1253 4245 1313 4312 hait,
1336 4256 1453 4303 montem
1476 4258 1550 4305 recte
1580 4250 1797 4327 intelligentibus.

1014 4338 1304 4395 Proiectucnimetiam
1313 4341 1419 4397 landem
1431 4341 1600 4412 illorum,qui
1613 4346 1797 4420 philosophum

1014 4441 1137 4485 nostrum
1151 4440 1278 4502 tarrqnam
1295 4432 1426 4501 Spinosae
1441 4444 1644 4494 antecessorem
1665 4439 1799 4498 declarar-

1015 4529 1056 4577 tos
1074 4539 1083 4571 ι
1101 4523 1298 4592 pantheismum
1318 4523 1376 4593 ejus
1390 4533 1418 4579 et
1436 4540 1545 4581 sensum
1566 4526 1602 4583 ab
1613 4528 1741 4590 Ecclesia
1761 4548 1799 4589 ea·

174 4631 274 4672 annom
289 4613 342 4671 883
354 4615 396 4671 rel
409 4615 499 4687 paullo
518 4611 641 4682 serius),
662 4618 773 4666 vocatus
796 4609 829 4662 ab
852 4606 961 4663 bllredo
974 4604 1000 4665 D
1014 4609 1112 4665 thelica
1127 4608 1205 4681 (Peg.
1217 4612 1273 4683 llll)
1285 4613 1495 4670 abhorrentem»
1512 4630 1593 4686 quam
1618 4621 1742 4679 maxim
1754 4636 1798 4694 po-

174 4707 270 4775 ldagno
285 4704 312 4759 in
326 4704 450 4777 Angliam
465 4719 494 4758 se
507 4703 652 4759 curilerret.
668 4700 706 4754 lhi
721 4698 829 4769 quidem
842 4695 962 4752 Oxnniae

174 4799 201 4853 in
224 4797 376 4851 litterarum
402 4793 577 4848 universitate
601 4805 648 4860 per
676 4788 809 4860 ‹prroddam
834 4787 981 4858 temporis.

174 4891 290 4961 spatium
304 4888 437 4943 mathesin
452 4895 480 4941 et
492 4884 660 4938 dialecticam
672 4882 778 4942 docuit;
794 4890 962 4949 postremum

174 4970 963 5039 incoenobiollalmeshnriensiabbassactus,submanihns

210 5113 248 5187 (ιι)
264 5110 305 5168 Cl.
320 5111 463 5182 lldllingor‚
479 5104 614 5160 Lehrhuch
632 5101 679 5187 dgr
689 5098 958 5177 llirchengerchiehtc.

174 5184 332 5255 llegonsbur
365 5171 675 5238 urrctbarrdsbut,183b.
694 5169 752 5226 Vol.
772 5170 793 5234 l,
809 5184 869 5239 pag.
896 5170 958 5226 loll.

210 5255 247 5395 223
261 5247 497 5375 {Eusogkstinu's‘ter
516 5311 720 5378 loannes,alirrs
737 5310 855 5365 loannes
871 5308 959 5365 abbas

175 5388 397 5458 ethelingensis,
411 5385 457 5454 qui
471 5399 486 5438 a
499 5384 606 5440 sicariis
620 5382 742 5439 mercede
761 5381 900 5437 conductis
915 5380 957 5434 in·

175 5458 306 5515 terlectas
319 5464 370 5511 est.

211 5568 404 5625 *Peculiarem
413 5567 525 5626 loannis
541 5568 615 5625 Secti
637 5571 670 5626 de
682 5568 851 5626 Eucharistia
864 5568 959 5623 librum

176 5640 287 5698 omnino
301 5656 354 5695 non
367 5641 514 5706 exstitisse,
527 5638 958 5705 verisimillimumnublsvidetur,

176 5720 207 5765 ut
223 5711 390 5766 ostendimus
405 5710 431 5764 in
444 5710 590 5764 Prooemio.
612 5710 744 5765 harnnov.
766 5710 843 5764 Eorr.

212 5782 243 5818 ι*
258 5780 329 5836 llaec
339 5795 408 5849 qnae
418 5780 451 5834 de
462 5780 547 5835 reditu
560 5778 670 5835 inarrnis
691 5779 763 5836 Scoti
784 5781 810 5835 in
823 5780 960 5851 Angliaru,

1015 4709 1104 4757 terant
1126 4701 1279 4758 extulerunt
1299 4702 1356 4775 (e),
1378 4705 1434 4774 ipse
1455 4714 1605 4776 prorsuaet
1619 4708 1799 4783 quidemlure

1013 4806 1062 4846 suo
1076 4801 1223 4846 recusaret.

1049 4881 1106 4949 llge
1121 4896 1194 4947 vero,
1209 4890 1238 4936 ut
1251 4881 1420 4951 aliquatenus
1432 4884 1583 4955 videamus,
1606 4904 1692 4961 quem
1712 4893 1796 4953 laeana

1015 4973 1128 5045 Erigone
1153 4974 1179 5028 ia
1205 4975 1289 5030 choro
1311 4974 1451 5031 docturum
1466 4985 1546 5048 atquo
1558 4979 1730 5041 eruditorum
1742 5000 1796 5042 onr-

1049 5103 1089 5177 (ιι)
1115 5124 1124 5156 ι
1141 5105 1188 5160 Die
1209 5104 1437 5231 Woltgesohichte
1455 5109 1491 5164 ist
1512 5110 1560 5166 das
1582 5110 1796 5186 Weltgeriebts.

1014 5174 1138 5230 Sehillor.
1155 5175 1195 5230 Cl.
1213 5175 1262 5230 Tb.

1013 5260 1045 5314 pa
1068 5284 1074 5297 .
1091 5245 1194 5300 ultima.

1049 5261 1084 5385 Ee)
1098 5314 1139 5369 Cl.
1153 5315 1338 5383 Tcnnemann,
1349 5292 1499 5374 Ecrehirhte
1513 5314 1796 5391 dchhii.,tom.Flll,

1013 5393 1081 5440 sect.
1097 5383 1118 5449 l,
1131 5400 1157 5455 p.
1169 5385 1204 5441 53
1213 5396 1241 5441 et
1250 5402 1276 5457 p.
1290 5386 1335 5442 72.

1302 5177 1352 5232 alei
1377 5177 1489 5249 praelat.
1513 5179 1540 5233 in
1562 5178 1649 5239 libros
1673 5185 1710 5242 tle
1731 5186 1796 5251 div..

1012 5572 1041 5621 et
1053 5567 1086 5620 de
1100 5574 1186 5621 morte
1206 5565 1265 5634 ejus
1287 5577 1442 5633 narrantur,
1460 5575 1598 5637 comperta
1614 5584 1669 5627 noa
1681 5545 1757 5640 esse,
1770 5573 1797 5629 ia

1014 5634 1327 5763 fffflfflmssffissus'
1342 5639 1383 5694 cl.
1408 5637 1633 5696 commeationem
1644 5640 1719 5699 laud.
1731 5642 1798 5715 (lap.
