3984 6534
188 371 258 431 1515

863 356 1003 417 luntatil
1023 357 1123 411 PhPAE
1141 358 1161 411 ll

1766 342 1820 396 ltlt

184 494 328 560 ’3333311131
340 478 476 538 3113311113.
491 479 654 535 descendam
665 487 689 532 et
706 477 805 541 uidebo,
820 485 907 529 utrum
926 472 980 528 clu·
992 473 1017 534 A
1031 470 1235 524 ontuiosuttiuet
1250 469 1276 541 (l
1286 470 1346 527 Cor.
1357 469 1435 541 Ι1111).
1454 469 1559 525 Omnia
1574 467 1662 539 igitur
1677 482 1737 537 qum
1761 471 1822 526 robis

192 561 733 646 313333131133313333333331313333131,
750 583 785 620 on
805 581 857 620 uon
876 574 913 619 331
928 564 975 627 itu,

191 665 314 721 3113311331
328 659 404 732 (Gerr.
426 657 608 730 1313111333
631 656 763 712 Dominus
786 654 976 724 omnipotens,

192 748 593 813 33131111333333111331331,
608 747 656 801 sed
673 747 764 801 omnia
786 746 811 801 ei
833 743 978 800 manifesta

192 849 257 897 sunt
271 841 353 896 etiam
370 847 514 909 autequam
531 837 608 900 liant,
623 851 672 892 cur
697 837 755 891 hae
776 842 803 889 et
818 834 870 890 alia
894 835 979 890 multa

191 945 242 1000 per
256 944 286 985 33
300 928 437 998 inquirere
458 926 658 997 dignatusest,
676 923 730 979 nisi
750 931 778 978 ut
796 924 873 979 nobis
888 938 980 979 31331-

190 1018 267 1089 31313
280 1017 367 1084 13331,
387 1033 421 1073 33
433 1018 587 1088 praecipites
599 1017 626 1070 iu
645 1015 820 1072 discutiendis
844 1031 891 1072 seu
907 1015 980 1086 judi-

184 1104 556 1179 'candisnegotiisessemus
581 1111 609 1159 et
631 1117 665 1157 nc
690 1103 760 1158 mala
783 1117 979 1173 quorumquam

191 1191 269 1266 prius
281 1194 427 1265 quisquam
441 1201 587 1264 presumat
609 1193 730 1260 credere,
748 1206 829 1262 quam
844 1192 980 1260 probaret

190 1281 274 1352 Cujus
293 1281 416 1351 exemplo
432 1296 591 1348 monemur,
608 1298 642 1337 ne
658 1285 690 1338 ad
704 1281 895 1353 proterendam
918 1296 980 1338 seu·

192 1374 305 1429 tentiam
320 1387 438 1443 uuquam
452 1373 606 1443 praccipites
619 1373 716 1437 simus,
731 1383 779 1428 aut
794 1382 896 1429 temere
911 1386 980 1443 quo·

172 1477 247 1533 ‘quo
270 1463 350 1519 modo
370 1460 532 1530 judicemus.
558 1461 662 1529 Quibus
696 1461 823 1516 nimirum
850 1461 980 1532 exemplis

172 1568 179 1592 τ
191 1550 334 1615 admoniti,
350 1550 429 1605 aliter
444 1551 613 1621 inpraesenti
627 1551 661 1605 de
677 1550 807 1620 praedicto
820 1550 978 1614 1113331333,

191 1639 244 1695 3131
259 1654 321 1695 3313
343 1639 457 1695 Romam
479 1639 633 1705 vieniendi,
657 1639 733 1696 robis
744 1640 880 1696 mandare
894 1640 980 1696 distu-

192 1727 283 1782 limus.
294 1726 363 1781 Nam
375 1741 457 1798 graue
470 1728 606 1783 mentibus
616 1728 714 1783 uestris
728 1728 812 1784 rideri
824 1743 877 1786 uon
889 1729 978 1795 debet,

1030 560 1125 615 ascde
1146 561 1305 630 apostoliea,
1327 560 1486 616 castissima
1502 560 1606 626 utique
1631 566 1720 611 matre
1740 568 1823 624 333131,

1030 649 1072 702 331
1086 646 1193 716 perlici
1206 648 1320 718 gratiam
1336 647 1536 718 praesidemus,
1550 646 1663 700 directa
1675 655 1745 711 sunt,
1768 647 1826 702 331111

1031 736 1122 806 aliquo
1137 737 1228 792 sedule
1241 738 1351 809 negotio
1375 738 1508 807 erigente
1535 735 1703 800 mittuntur,
1733 738 1827 793 auribus

1030 829 1173 898 patelactis
1191 830 1296 895 audire,
1313 829 1397 883 alacri
1409 836 1509 883 mente
1519 827 1688 897 percipere,
1703 828 1827 897 animoque

1030 926 1107 989 33313
1126 917 1262 987 amplecti,
1284 917 1354 973 sieut
1379 917 1455 971 lilius
1480 916 1675 971 charissimus
1694 917 1784 981 debes,
1805 929 1826 971 et

1030 1012 1116 1082 patris
1128 1012 1211 1067 verba
1222 1011 1325 1078 dilecti,
1340 1026 1393 1067 non
1406 1027 1444 1067 ex
1464 1020 1534 1066 roto
1549 1010 1628 1064 133313
1643 1012 1768 1080 optantis,
1792 1013 1828 1065 sed

1031 1116 1064 1156 ex
1079 1101 1170 1157 radice
1187 1117 1257 1157 33333
1268 1101 1442 1171 procedentia
1461 1100 1635 1163 charitatis,
1656 1099 1749 1154 hunrili
1773 1115 1829 1154 3313

1031 1206 1081 1262 per
1090 1192 1193 1248 debetis
1207 1192 1355 1247 intentione
1370 1192 1500 1259 33313333
1516 1207 1524 1243 :
1545 1205 1616 1259 quae
1631 1190 1702 1243 sicut
1717 1189 1827 1243 Salomon

1032 1280 1080 1346 ait,
1094 1282 1168 1353 quasi
1179 1280 1288 1345 stimuli,
1305 1291 1328 1336 31
1343 1282 1411 1335 sicut
1434 1279 1507 1334 cinni
1519 1280 1553 1331 in
1577 1278 1668 1331 altum
1693 1279 1769 1346 13131
1787 1296 1829 1332 erte

1030 1369 1336 1442 31133133(113313.331;
1354 1370 1426 1439 quod
1444 1368 1551 1437 culpas
1565 1368 1779 1437 delinquentium
1793 1384 1829 1421 33

1031 1461 1118 1517 sciant
1131 1461 1250 1531 palpare,
1263 1461 1310 1516 sed
1320 1473 1453 1530 pungere.
1470 1457 1561 1514 Unde
1575 1459 1826 1527 3333131313113331

1029 1551 1190 1622 perlectum,
1202 1559 1229 1606 et
1244 1566 1293 1621 333
1303 1550 1393 1605 313313
1410 1551 1471 1604 Deo
1486 1549 1660 1618 placentem
1679 1549 1773 1602 babere
1792 1564 1826 1600 33-

1030 1639 1128 1709 313133,
1145 1654 1194 1694 333
1207 1639 1326 1710 prudens
1340 1645 1429 1707 33133,
1449 1638 1499 1705 331
1531 1636 1735 1691 charissimam
1761 1637 1824 1690 11133

1031 1741 1120 1792 331333,
1135 1728 1218 1782 etiam
1232 1742 1286 1781 non
1299 1726 1529 1796 delinquentem,
1548 1740 1589 1780 ne
1606 1726 1719 1794 quaudo
1738 1741 1824 1779 33331333

191 1817 219 1872 13
242 1819 386 1887 praesentia
407 1817 653 1887 sedisapostolicae
674 1826 704 1872 ut
722 1817 794 1874 illius
819 1816 1151 1890 retracteturBexistens
1167 1814 1276 1888 flagitiis
1300 1832 1331 1871 se
1354 1816 1493 1870 audacter
1525 1815 1717 1870 commiserat
1738 1814 1823 1878 illcitis,

166 1903 341 1983 .2·ludieium;
370 1908 433 1976 quia
466 1907 569 1963 3331133
596 1909 731 1977 exagitata
763 1908 861 1980 saepius
892 1909 978 1980 magis

190 1994 353 2066 splendescit
368 1995 396 2049 in
419 1995 528 2061 lucem,
547 2003 575 2051 et
595 1997 730 2067 pernicies
752 2007 878 2053 revocata
896 1999 923 2052 in
935 1998 980 2069 ju·

189 2083 294 2139 dicium
317 2084 426 2154 grauius
448 2093 477 2141 ct
504 2087 563 2142 siue
588 2088 748 2158 poertitentia
772 2091 976 2145 condemnatur.

184 2176 258 2233 Nam
271 2177 700 2252 133313311311133331,]331111331
712 2182 809 2252 saepius
822 2183 956 2239 recenseri
969 2198 976 2249 ;

191 2267 349 2339 nullumque
359 2267 459 2324 bonttm
470 2277 522 2337 est,
535 2271 606 2341 quod
618 2288 670 2326 nou
681 2271 821 2341 pulchrius
833 2272 977 2340 elucescat,

173 2357 216 2413 ·si
230 2357 410 2430 plurimorum
426 2359 508 2417 luerit
525 2363 657 2417 sententia
673 2363 886 2434 comprobatum.
903 2363 979 2420 Unde

191 2461 332 2518 quousque
345 2463 426 2505 causa
441 2449 524 2516 iliius,
541 2452 612 2507 sicut
624 2452 810 2522 praetulimus,
825 2454 906 2509 luerit
928 2455 979 2510 ite-

189 2550 251 2591 rum
266 2538 394 2594 rclricata
408 2548 490 2610 atque
511 2539 598 2607 stulta,
612 2543 755 2612 episcopus
773 2544 799 2598 in
826 2545 884 2614 ipsa
909 2544 979 2601 Lau·

190 2626 304 2683 dunensi
319 2628 439 2685 Ecclesia
463 2630 617 2687 nullatenus
637 2631 786 2688 ordinetur.
810 2633 979 2706 Quapropter

190 2719 338 2789 quaeuobis
349 2719 449 2776 salubri
460 2731 488 2777 et
503 2723 651 2792 apostolica
665 2725 843 2796 praeceptione
855 2726 978 2783 iacienda

190 2810 361 2879 mandamus,
378 2820 434 2868 tuto
445 2815 541 2869 annisu
556 2823 582 2870 et
593 2813 664 2873 lideli
682 2817 833 2883 devotione,
848 2818 918 2874 sicut
931 2818 978 2874 ltlii

192 2898 364 2967 charissimi,
381 2901 527 2973 adimplere
551 2903 692 2976 laceroque
709 2906 822 2974 debetis,
838 2907 861 2962 si
886 2917 978 2964 333133

191 2990 294 3047 illibate
308 2990 360 3048 irui
375 2995 523 3065 apostolico
534 3010 640 3067 semper
654 2997 813 3055 desideratis
824 2999 974 3056 consortie.

191 3080 402 3139 Generalitatem
424 3094 542 3140 vestram
567 3097 692 3157 optamus
719 3088 746 3142 in
775 3088 883 3162 Christo
909 3090 978 3146 bene

184 3170 291 3227 331313.
307 3174 374 3230 Data
387 3174 497 3230 3111131.
510 3173 642 3241 ianuarii,
659 3177 805 3234 indictione
820 3194 846 3232 3.

524 3304 647 3361 XXXIX.

384 3433 417 3471 ,111
431 3432 550 3474 canotum
569 3435 784 3477 3111113133131.

506 3548 593 3619 (Anno
606 3552 679 3621 811.)

170 3674 362 3746 3113133331
381 3678 449 3731 aedit
469 3676 616 3745 npostolicoe
639 3678 736 3730 monite
761 3680 857 3747 ueprius
877 3680 976 3734 tulisse.

224 3744 363 3800 Hincntnri
384 3744 565 3800 Lundurtomis
586 3745 771 3814 depositionem
797 3763 849 3800 rrou
875 3750 975 3817 probat,

222 3831 333 3885 eumque
356 3814 464 3869 11333313
487 3814 521 3867 nd
545 3816 738 3868 retractandum
755 3815 887 3883 judicium
909 3819 978 3870 311111

220 3884 304 3954 jubet.
320 3883 463 3940 1313313311
478 3900 536 3938 uero
547 3884 581 3937 ud
601 3883 746 3938 Ecclesium
772 3886 897 3954 transfert
925 3885 977 3938 113-

223 3969 366 4008 conensem.

224 4062 363 4116 hunuanus
376 4061 529 4131 episcopus,
546 4076 640 4117 seruus
651 4077 791 4116 serrorum
807 4063 864 4130 liei,
879 4064 976 4120 dilecto

189 4153 245 4208 lilio
259 4152 365 4208 Canouo
379 4153 495 4223 gloriose
508 4153 575 4223 regi.

249 4239 401 4296 laudabilis
412 4241 550 4296 charitatis
561 4249 589 4296 et
607 4242 745 4311 sapientia
766 4243 870 4312 pudicae
884 4259 917 4298 ac
929 4258 976 4314 pa·

87 4346 89 4351 ’
188 4331 273 4388 citicae
287 4330 379 4401 rigore
401 4338 484 4400 atque
497 4330 595 4385 decore
618 4330 827 4401 magnitudinem
842 4332 975 4388 excelleu-

189 4425 233 4480 tim
248 4433 355 4487 3331333,
369 4438 385 4477 3
400 4422 558 4478 charissime
570 4423 596 4477 in
609 4422 722 4478 Domino
746 4423 793 4487 tllt,
816 4422 974 4493 133331313-

1029 1905 1133 1979 133313
1146 1922 1241 1962 severo
1254 1905 1370 1976 affligere
1382 1920 1438 1959 nun
1452 1905 1589 1965 desistit,
1604 1905 1672 1973 quia
1684 1920 1731 1958 nec
1739 1916 1823 1974 333333

1030 2011 1146 2051 33133313
1158 1997 1249 2052 333313
1263 1995 1425 2065 disciplinali
1452 1995 1642 2064 parcendum
1657 2011 1720 2050 esse
1731 1997 1797 2065 31333
1811 2014 1821 2048 1

1029 2086 1150 2155 sapiente
1162 2084 1549 2140 1333311333.Ηί33311313313
1575 2085 1640 2152 ipso
1669 2084 1723 2138 lico
1742 2095 1821 2146 113313,

1029 2191 1110 2247 33313
1122 2185 1208 2231 emtus
1221 2177 1340 2231 omnium
1352 2174 1476 2230 lidelium
1490 2182 1614 2244 patrem
1630 2174 1821 2244 quotidieroeu,

1029 2265 1142 2338 legimus
1155 2266 1283 2336 scriptum
1298 2282 1305 2319 :
1322 2264 1404 2330 Quem
1420 2264 1515 2334 tritinia
1546 2263 1699 2330 Dominus,
1724 2264 1818 2333 31111331,

1029 2365 1053 2410 31
1066 2357 1174 2425 corripit
1187 2370 1197 2409 .·
1208 2355 1323 2427 33331131
1337 2365 1425 2408 nutem
1438 2370 1556 2408 omnem
1578 2356 1672 2423 filiurn
1692 2373 1758 2425 3113111
1774 2357 1821 2408 reri

1028 2447 1065 2517 pit
1084 2446 1177 2516 (lleir.
1191 2445 1253 2518 333).
1267 2443 1439 2515 0333333133
1452 2445 1533 2498 33133
1548 2445 1820 2515 33313331,33131133

1028 2537 1215 2606 permittente,
1228 2535 1302 2605 justo
1316 2537 1418 2605 utiquc,
1444 2541 1587 2604 quamvis
1616 2537 1674 2591 alto
1696 2547 1821 2591 31333313

1029 2626 1142 2682 consilio
1154 2641 1213 2693 sun,
1226 2640 1277 2696 pro
1291 2626 1373 2681 vestri
1389 2624 1482 2680 331313
1500 2624 1576 2680 13113
1594 2636 1698 2682 restrae
1710 2628 1820 2682 serenitau

1029 2717 1120 2772 ascde
1149 2716 1295 2786 apostoliea
1320 2715 1419 2784 saepius
1448 2716 1688 2771 133111133313133
1713 2719 1820 2770 ridentur.

1028 2808 1091 2863 idco
1108 2806 1194 2877 magis
1206 2804 1384 2873 omnipotenti
1405 2804 1532 2857 llomino
1564 2806 1721 2860 immensas
1743 2807 1819 2874 gratias

1030 2909 1119 2966 agere,
1134 2893 1266 2962 nobisque
1276 2890 1372 2946 deinde
1384 2899 1514 2962 paternae
1529 2891 1629 2948 laudis
1641 2903 1774 2963 gratanter
1787 2894 1819 2944 13-

1029 2985 1098 3040 betis
1111 2982 1232 3053 praebere
1243 2981 1413 3050 obsequium,
1431 2990 1460 3034 et
1475 2996 1538 3035 non
1555 2984 1778 3052 reprehensionis
1789 2982 1817 3032 31

1029 3071 1251 3129 murmurationis
1262 3071 1374 3126 modicae
1397 3071 1484 3123 rerba
1517 3070 1662 3142 dirigere.
1693 3072 1754 3125 batn
1776 3088 1817 3134 ms,

991 3185 1013 3248 C
1029 3166 1127 3221 nullius
1145 3164 1204 3218 zelo
1217 3162 1320 3229 1133313,
1336 3159 1437 3215 nullius
1452 3160 1589 3217 subdolae
1600 3162 1758 3217 calliditatis
1766 3163 1816 3222 doh,

1030 3261 1073 3316 331
1083 3260 1162 3315 etiam
1179 3255 1595 3324 133333311331333333113313
1609 3258 1714 3321 laudis,
1738 3256 1816 3310 313313

1030 3350 1126 3406 simam
1141 3356 1238 3403 restrae
1251 3345 1814 3417 331111113ιὶ33111333311311313331113311311

1028 3447 1055 3494 31
1068 3439 1237 3494 dilectionem
1252 3438 1331 3492 modo
1341 3435 1487 3490 affabiliter
1501 3451 1640 3503 11333333,
1658 3439 1737 3492 111313
1749 3445 1813 3489 autea

1028 3544 1078 3599 333
1092 3531 1172 3600 regiae
1185 3528 1327 3598 potestatis
1339 3526 1435 3598 gloria,
1460 3526 1559 3594 uobis,
1578 3529 1694 3597 quoties
1715 3539 1813 3581 necessa

1028 3621 1069 3675 ria
1081 3619 1208 3689 terupuris
1223 3633 1276 3682 res,
1302 3616 1346 3671 331
1372 3615 1490 3684 proximi
1516 3617 1652 3687 deposcit
1682 3617 1811 3673 necessitas

1028 3706 1137 3762 humilis
1153 3716 1279 3774 precator
1305 3705 1442 3770 assistere,
1468 3704 1632 3775 aliquando
1657 3722 1723 3761 1333
1747 3703 1811 3758 sortis

1028 3794 1208 3850 severioribus
1225 3792 1339 3847 ludentes
1348 3790 1499 3859 corripere,
1515 3801 1550 3846 ut
1570 3795 1680 3850 Christi
1700 3797 1775 3866 333111
1792 3794 1808 3843 ir

1027 3885 1124 3941 melius
1141 3898 1247 3953 semper
1260 3881 1417 3952 proficiatis,
1433 3881 1596 3939 studemus.
1604 3885 1698 3954 igitur
1711 3889 1741 3941 de
1752 3886 1809 3939 liiu-

1028 3977 1096 4032 mari
1107 3974 1294 4029 Larrdunensis
1303 3971 1421 4041 episcopi
1433 3972 1614 4039 depositione
1630 3978 1766 4046 pontificio
1775 3992 1808 4028 no

1027 4063 1246 4134 subscripsistis
1264 4081 1270 4116 :
1287 4061 1321 4116 Et
1331 4070 1424 4116 cetero
1435 4077 1497 4131 3313
1509 4076 1679 4133 sequuntur,
1695 4068 1755 4119 33111
1771 4065 1809 4131 rri-

1026 4154 1094 4210 31313
1108 4153 1275 4225 precedenti,
1291 4168 1372 4221 usque
1388 4150 1422 4204 nd
1436 4159 1547 4208 temere
1563 4170 1682 4226 quoquo
1696 4154 1809 4220 3131313-

1027 4244 1156 4300 dicemus.
1176 4240 1230 4295 Nos
1247 4240 1274 4294 itt
1288 4238 1453 4308 depositione
1465 4239 1545 4296 illius
1558 4246 1687 4313 quandiu
1708 4246 1808 4299 rislum

1027 4333 1178 4389 nullatenus
1193 4330 1402 4395 consentiemus,
1415 4329 1468 4384 nisi
1485 4331 1524 4386 311
1546 4343 1679 4389 33313331
1702 4337 1755 4407 ipso
1775 4347 1807 4386 33

1027 4425 1117 4479 niente
1134 4422 1317 4492 presentiam,
1332 4435 1414 4476 eausa
1432 4418 1491 4488 ejus
1518 4421 1710 4492 depositionis
1736 4433 1808 4479 nostro

173 4527 241 4583 ¹que
255 4512 361 4577 llorere,
377 4513 461 4568 nitide
471 4514 611 4583 splendere
621 4513 753 4571 audimus
771 4515 824 4572 Sed
845 4517 908 4586 quia
929 4515 972 4569 lit·
986 4514 1012 4573 D
1026 4513 1107 4568 luerit
1123 4512 1248 4567 33331133
1258 4510 1398 4581 diligenter
1408 4508 1557 4578 inquisita,
1572 4514 1807 4585 31333131131131

190 4603 255 4658 teris
269 4604 378 4670 3331313,
391 4604 544 4675 apostolicae
554 4608 731 4677 correptionis
743 4609 832 4677 apices
843 4609 975 4663 membra·

174 4727 177 4734 -
189 4692 238 4747 tim
247 4692 401 4756 retexendo,
414 4694 554 4749 adversum
566 4695 752 4765 paternitatem
763 4706 881 4752 nostram
889 4697 975 4766 quod·

179 4782 252 4835 ·dam
267 4781 392 4836 indebite
404 4783 620 4854 reprehensionis
633 4801 764 4851 murmur,
782 4795 810 4841 et
827 4787 973 4842 tumultuo-

189 4885 251 4927 sum
269 4870 346 4926 nohis
369 4873 514 4930 clamorem
528 4875 649 4941 misistis,
677 4892 727 4950 nec
750 4891 816 4932 sane
841 4877 975 4947 patienter

190 4961 321 5033 pontilicii
333 4963 418 5017 nostri
432 4966 530 5020 munita
547 4968 576 5023 ol
587 4967 774 5073 perceptiones
786 4967 893 5024 audisse
902 4982 975 5022 cotn-

180 5048 440 5122 ·perimus;iiquido
455 5060 589 5121 33131333
611 5054 698 5107 3111113
721 5052 848 5121 perlectae
872 5054 974 5122 aliquid

191 5138 333 5195 charitatis
347 5137 436 5194 miuus
451 5139 580 5194 duntaxat
593 5140 701 5194 babere.
719 5140 756 5195 be
771 5140 813 5194 illa
825 5143 897 5197 enim
909 5143 975 5199 dicit

191 5228 327 5301 apestolus
339 5247 345 5283 :
359 5227 480 5284 Charitas
489 5229 588 5299 patiens
599 5239 646 5294 est,
658 5231 766 5301 11331333
777 5239 825 5296 331,
839 5234 976 5305 333113313-

191 5329 244 5388 tur,
258 5319 448 5385 nonirtitntur,
462 5335 512 5374 nou
533 5319 586 5390 opit
605 5336 749 5391 perperam,
761 5323 849 5376 omnin
870 5325 973 5394 suffert,

227 5490 241 5519 ι
257 5477 409 5532 1331311111
421 5479 565 5532 charitatis.
581 5477 628 5532 llis
641 5494 747 5534 rursum
770 5481 880 5536 11313131
903 5481 973 5537 litte-

192 5545 360 5601 3113133333
373 5545 484 5602 Carolus
507 5547 639 5628 prolixam
660 5549 800 5618 epistolam
823 5553 970 5620 rescripsit,

192 5630 254 5683 qum
268 5615 337 5670 iuter
354 5624 465 5672 caeteras
476 5617 546 5671 edtta
557 5626 599 5672 est
611 5627 671 5685 post
683 5618 819 5673 ilincmari
832 5621 969 5688 opuscula,

192 5682 299 5739 33111313
311 5683 359 5740 sub
374 5683 455 5741 sunem
464 5685 599 5755 adjuncto,
610 5687 681 5757 quod
695 5687 781 5745 instar
803 5687 884 5745 babet
907 5691 971 5748 alto

1026 4603 1077 4659 bus
1091 4602 1218 4657 niruirurn
1232 4598 1371 4664 admoniti,
1391 4597 1472 4653 aliter
1486 4599 1666 4670 inpraesenti
1681 4607 1713 4660 de
1732 4602 1806 4674 33311

1027 4699 1070 4747 313
1089 4690 1252 4753 hincmaro,
1280 4689 1332 4743 nisi
1355 4702 1415 4743 eum
1439 4686 1562 4744 11331331
1588 4695 1729 4758 veniendi,
1750 4692 1805 4746 robis

1026 4783 1156 4837 mandare
1167 4779 1328 4835 distulimus.
1343 4779 1490 4834 letardum
1502 4781 1633 4854 denique
1647 4784 1802 4842 3333331133

1028 4876 1175 4931 antistitem
1187 4875 1444 4944 13331311133313331,
1460 4873 1495 4927 de
1508 4891 1568 4944 quo
1585 4887 1613 4931 ct
1629 4894 1682 4934 nos
1693 4879 1750 4933 olim
1771 4889 1803 4925 33

1027 4967 1069 5022 his
1087 4965 1282 5029 mandavimus,
1298 4973 1325 5020 et
1340 4965 1497 5019 3333331313
1513 4968 1646 5035 apicibus
1659 4966 1803 5024 33313313

1027 5057 1134 5113 ntentiae
1162 5055 1309 5119 direxistis,
1335 5055 1404 5109 sicut
1429 5062 1459 5108 ct
1478 5058 1606 5125 synodus
1634 5056 1802 5128 esposmlnit.

1025 5147 1147 5218 31311331
1171 5145 1321 5200 Turouicus
1346 5144 1433 5200 clerus
1459 5147 1642 5203 concorditer
1664 5147 1802 5218 31331333

1026 5234 1216 5291 constituimus
1225 5249 1279 5305 per
1289 5242 1389 5288 333133
1403 5232 1566 5302 apostoliam
1579 5238 1750 5290 auctoritatis
1770 5236 1802 5287 13

1025 5335 1128 5379 erctum
1142 5324 1303 5379 cardinalem
1316 5323 1558 5392 metropolitanum
1585 5339 1613 5381 et
1642 5328 1802 5398 archiepisor

1025 5483 1081 5538 rius
1098 5483 1228 5553 3313131113,
1240 5498 1332 5537 revera
1345 5491 1433 5536 autem
1445 5481 1480 5536 ad
1495 5485 1624 5539 eamdem
1642 5485 1724 5556 ipsam
1747 5481 1800 5559 3313

1025 5554 1136 5607 rendunt
1151 5563 1202 5607 est.
1218 5552 1342 5608 Carolum
1355 5566 1437 5621 33333
1451 5552 1604 5619 Adrianus,
1618 5555 1735 5622 acceptis
1754 5561 1798 5615 qus

1023 5622 1130 5747 giiffis'
1147 5622 1268 5694 sequenti
1293 5623 1404 5691 33131313
1432 5620 1465 5675 ll
1490 5621 1605 5691 placare
1631 5633 1739 5681 conatus
1756 5628 1795 5672 cst·
