3984 6534
350 411 596 471 aurosutouus
614 411 726 470 SUPER
742 405 954 467 tunnucssmtt
971 402 1175 463 cuutusueu
1195 403 1224 460 S.
1245 402 1402 461 utonisu.
1627 408 1684 465 202

155 526 267 599 periore,
280 528 398 581 essentia
410 526 571 582 uniformem
584 525 786 598 intelligentiam
800 538 847 580 ue-
861 527 885 586 Α
898 528 1009 591 pectora
1019 519 1133 575 innuere
1151 518 1308 573 indomitam
1326 518 1477 573 custodiam
1491 517 1613 577 ris-lucan
1630 522 1684 579 dis·

155 616 260 673 entibus
280 616 451 672 discretionis
471 617 630 673 comminuit
647 624 676 674 et
691 615 850 686 multiplicat
900 610 1066 676 tributionis,
1081 624 1151 680 quae
1167 625 1183 664 a
1199 610 1339 680 supposito
1350 609 1431 666 corde
1444 612 1575 681 originem
1598 613 1683 671 ducit.

155 702 276 761 recidam
289 704 416 762 uirtutem
434 705 511 778 justa
531 705 678 761 ductricem
697 702 849 775 analogiam
899 699 953 756 Gor
966 700 1098 769 siquidem
1111 698 1244 769 corporali
1258 699 1311 755 situ
1324 698 1374 755 sub
1389 709 1508 769 pectere,
1524 700 1565 757 sie
1579 701 1590 735 ¹
1602 702 1685 761 nunti

155 794 200 851 uis
209 795 355 851 nuntiae.
368 795 519 851 beatricem
526 796 761 868 pmeducatricem
771 794 848 851 dixit.
899 791 950 846 snb
964 790 1112 845 munimine
1132 797 1191 845 tuto
1215 789 1345 860 firmaque
1361 790 1483 847 custodia
1501 791 1592 849 uitalis
1605 793 1685 855 ¹¹soi

155 884 306 957 rumoldum
322 886 464 957 mysteria,
478 886 530 943 nisi
543 884 769 942 intellectualibus
783 886 849 940 den·
900 891 999 946 motus,
1013 896 1067 951 quo
1081 887 1167 935 totum
1182 887 1255 935 motu
1267 896 1364 952 corpus
1378 880 1510 948 vivificat,
1526 884 1687 943 naturaliter

155 976 230 1049 prins
240 977 477 1055 commorsicantur
489 992 505 1032 s
515 976 660 1045 nuagistris,
672 991 725 1031 non
737 984 849 1047 possunt
899 972 1073 1027 constitutum
1084 978 1136 1027 est.
1149 968 1201 1025 Ubi
1212 971 1309 1026 durum
1321 971 1475 1040 posuimus,
1490 972 1526 1028 ibi
1539 973 1567 1028 in
1579 970 1686 1031 Graeco

155 1066 342 1139 admuntis
355 1068 376 1135 ¹,
399 1085 450 1125 nec
464 1069 544 1125 uitale
557 1071 750 1124 incrementum
769 1082 849 1138 prae·
899 1063 1050 1136 ἀδάματον
1063 1061 1096 1127 ¹¹,
1118 1061 1189 1131 quod
1207 1068 1235 1115 et
1255 1061 1352 1116 durum
1372 1060 1506 1132 signilleat
1522 1069 1552 1119 et
1567 1061 1685 1121 indomi-

158 1154 278 1231 tirauunt
289 1172 405 1243 namque
416 1157 527 1228 sinapis,
541 1158 592 1214 nisi
603 1168 746 1214 contusum
758 1158 848 1222 fuerit,
899 1163 967 1210 tom.

155 1259 214 1301 sstn
224 1259 355 1302 exeruere
366 1245 462 1301 nescit.
935 1243 1020 1298 mssa
1029 1258 1089 1297 uera
1100 1242 1252 1297 continuans
1269 1242 1348 1297 simul
1366 1251 1519 1299 cunctorum
1529 1244 1552 1277 ¹¹
1560 1243 1686 1315 {enubere

155 1348 231 1389 sues
244 1341 334 1389 sutem
344 1341 369 1387 at
383 1333 500 1399 bractio,
513 1343 537 1387 et
551 1333 644 1387 iterum
659 1350 764 1399 manus,
775 1333 850 1404 faeti·
899 1334 1034 1388 natatum.
1052 1332 1137 1387 borsa
1160 1331 1276 1387 bominis
1288 1331 1441 1402 significant
1455 1332 1687 1390 continuationem

159 1422 367 1495 amalbert,
378 1431 402 1477 et
411 1423 536 1489 activum,
548 1422 700 1492 significare
710 1422 848 1478 dicuntia
900 1420 1028 1477 fertilium
1042 1421 1184 1476 uirtutum.
1198 1419 1234 1476 Ut
1252 1421 1324 1476 euim
1349 1435 1411 1477 ossa
1435 1421 1529 1492 spinae
1552 1423 1603 1479 sibi
1618 1424 1688 1481 insi·

156 1512 194 1573 in
208 1512 296 1569 tribus
308 1513 436 1571 membris
448 1512 558 1569 bomani
578 1513 699 1584 corporis
720 1512 849 1569 fortitudo
900 1527 958 1568 cem
978 1513 1169 1578 coadnaerent,
1190 1521 1218 1568 et
1239 1528 1288 1583 per
1309 1512 1415 1569 illorum
1440 1514 1573 1572 medullas
1597 1516 1688 1574 uitalis

155 1600 199 1659 tte
215 1600 352 1663 fucorum
367 1600 401 1657 ad
419 1617 517 1659 manus
534 1603 669 1670 refertur}
689 1602 763 1673 ipsae
777 1602 849 1657 enirn
900 1612 988 1659 motus
1002 1603 1030 1659 in
1044 1612 1129 1660 totum
1152 1619 1251 1676 eorpus
1272 1604 1438 1672 diffunditur,
1457 1613 1485 1663 ct
1506 1607 1624 1664 maxime
1641 1609 1689 1678 qui

155 1698 180 1759 t;
200 1690 369 1763 operativum
390 1692 425 1749 ad
447 1692 573 1757 braebia,
587 1694 614 1748 in
628 1693 726 1765 quibus
739 1701 795 1749 tota
809 1693 850 1749 uis
900 1700 943 1747 cst
961 1692 989 1747 in
1004 1700 1125 1749 tactum:
1142 1694 1179 1749 ita
1197 1693 1353 1764 spirituales
1372 1694 1486 1751 uiuutes
1502 1695 1553 1752 sibi
1573 1695 1688 1752 inuicem

155 1780 229 1837 iouis
242 1782 352 1848 extasin
368 1782 486 1839 aelisam
499 1783 533 1839 ad
544 1784 693 1851 bonaeros,
711 1783 849 1854 inquibus
900 1783 1051 1839 adunantur
1061 1783 1288 1855 inseparabiliter,
1301 1794 1341 1851 ut,
1357 1786 1403 1843 ubi
1417 1785 1441 1819 ¹⁸
1457 1802 1521 1852 uua,
1534 1786 1572 1843 ibi
1581 1801 1687 1845 omnes.
1751 1787 1756 1803 '

166 1868 285 1953 wem
307 1869 415 1927 cardine
428 1871 543 1927 actionis
556 1881 645 1927 motus
666 1872 753 1942 primo
766 1871 848 1927 solvi-
863 1866 940 1929 itan
951 1887 1002 1927 una
1017 1873 1126 1943 qnippe,
1142 1875 1257 1930 caritate
1268 1874 1403 1940 uidelicet,
1418 1890 1512 1931 omnes
1526 1878 1687 1946 procedunt,

155 1956 241 2013 lcinde
260 1973 310 2029 pes
331 1957 442 2015 brsebia
466 1958 494 2015 iu
517 1976 613 2017 manus
630 1961 793 2018 extenditur.
812 1958 849 2016 tu
900 1969 929 2017 et
950 1962 1147 2017 concatenatim
1163 1962 1286 2033 singulae
1307 1962 1418 2035 singulis
1436 1964 1589 2033 dependent
1607 1965 1641 2030 ¹¹,
1660 1974 1689 2022 et

177 2046 206 2101 in
229 2046 321 2102 anima
340 2047 493 2129 rationabili
513 2049 617 2117 primus
636 2056 727 2105 motos
749 2049 809 2119 eius
822 2048 849 2102 in
900 2052 1070 2110 fertilitatem
1081 2052 1212 2123 angelicis
1221 2062 1249 2109 et
1261 2054 1387 2109 latumanis
1397 2053 1524 2109 inferunt.
1535 2053 1587 2112 Ubi
1599 2056 1689 2126 posui·

155 2142 217 2202 rest,
227 2137 270 2193 rel
339 2132 476 2195 nullasdum
491 2140 547 2195 suis
557 2140 689 2206 berneris,
702 2140 748 2209 qui
762 2148 850 2196 motus
901 2156 961 2197 mus
977 2139 1118 2205 fertilium,
1133 2140 1170 2195 ibi
1182 2140 1209 2194 in
1224 2138 1330 2196 Graeco
1342 2140 1481 2213 (amison,
1493 2141 1566 2212 quod
1578 2143 1690 2213 proprie

156 2226 266 2295 dicitur,
280 2228 378 2285 deinde
446 2230 565 2295 tendens
585 2244 635 2300 per
654 2224 852 2301 progressiores
901 2229 1223 2301 fertilinrtemsigniflcat.

155 2334 191 2387 us
207 2318 220 2395 ἔ
236 2318 319 2376 refoti
335 2332 386 2389 per
404 2318 535 2390 quaedam
557 2320 666 2375 bracbia
690 2320 718 2375 is
740 2319 852 2377 artificis
936 2318 1137 2386 Pedesnutern,
1153 2317 1265 2375 sulmutdi
1284 2316 1448 2387 significant,
1466 2318 1560 2374 metite
1576 2327 1601 2373 et
1615 2316 1689 2373 aeica

155 2392 480 2480 ustionemssffie‘rfftloffis
503 2422 600 2463 utonaen
619 2408 727 2479 accipit,
742 2408 806 2464 dum
823 2409 851 2464 in
901 2417 926 2465 et
937 2406 1032 2463 curule
1042 2408 1070 2462 in
1080 2408 1102 2438 ¹¹
1115 2407 1203 2462 diuina
1215 2423 1316 2478 seraper
1324 2408 1410 2462 enatis
1423 2407 1556 2473 motionis,
1572 2408 1624 2464 boc
1634 2414 1696 2474 est,-

154 2515 188 2556 um
218 2500 285 2556 rnoti
307 2500 430 2569 eorporis
452 2498 589 2554 exseritur
613 2497 643 2564 ¹,
672 2498 787 2555 factiuns
808 2498 855 2555 rel·
902 2494 1029 2553 mobilem
1053 2494 1228 2565 velocemque
1251 2503 1279 2550 et
1301 2503 1455 2551 currentem
1474 2504 1576 2551 motum
1601 2496 1691 2552 caele·

155 2602 205 2645 sus
216 2604 269 2644 non
285 2589 431 2661 incongrue
444 2588 600 2644 metuatur·
616 2607 622 2643 :
637 2589 684 2654 ita,
697 2597 726 2643 ut
743 2589 849 2658 opinor,
902 2586 984 2645 stium
997 2587 1176 2643 emutiarum
1187 2588 1215 2642 ia
1229 2587 1318 2642 divina
1333 2588 1473 2659 mysteria.
1489 2587 1602 2658 Propter
1614 2589 1690 2659 ¹quad

155 2676 278 2734 elestibus
296 2678 410 2743 aulrnis,
425 2677 487 2732 dum
501 2677 582 2733 ueluti
604 2678 691 2746 primo
709 2687 782 2732 motu
798 2678 856 2748 pri·'
902 2688 926 2733 et
940 2688 1067 2749 panemos
1081 2679 1211 2749 tteofopia
1228 2688 1379 2734 sauctorum
1398 2679 1574 2735 intellectuum
1589 2679 1691 2749 figura-

154 2768 319 2824 alescausas
340 2767 366 2823 ln
380 2768 511 2838 principio
534 2767 671 2831 orantium,
691 2769 761 2836 quod
782 2767 853 2823 Deus
902 2768 937 2822 uit
962 2768 1049 2836 pedes.
1070 2767 1205 2823 Permutus
1227 2784 1338 2839 meaque
1358 2770 1489 2840 signifieat
1509 2770 1691 2839 anagogicam,

155 2874 208 2932 upra
217 2874 247 2915 se
258 2859 408 2927 intuentur,
418 2858 490 2914 actio
499 2873 592 2912 comm
601 2858 623 2922 ¹,
633 2858 696 2911 dnm
708 2858 734 2910 in
745 2856 851 2925 seipsis,
903 2856 954 2911 boc
967 2864 1019 2922 est,
1035 2872 1143 2913 sursum
1156 2859 1297 2914 dueentem
1308 2858 1331 2890 ¹¹
1347 2858 1515 2925 uelocitatem,
1532 2869 1556 2915 et
1569 2859 1691 2915 molestes

159 2966 240 3021 supra
255 2965 285 3005 se
297 2950 410 3014 rident,
431 2948 620 3013 conformant,
637 2946 770 3015 operatio,
788 2947 851 3000 dum
902 2960 1006 2998 suasanus
1026 2961 1113 2999 uersas
1130 2947 1151 2976 ¹¹
1165 2946 1265 3000 itineris
1285 2946 1412 3011 utinum,
1432 2948 1458 3002 iu
1475 2956 1526 3013 est,
1547 2948 1691 3005 caelestem

157 3052 227 3108 quae
238 3036 434 3093 faciendasunt
445 3037 473 3093 iu
484 3046 580 3091 natura
593 3050 683 3089 remum
692 3034 768 3101 iuxta
782 3049 849 3088 nura·
904 3033 1037 3088 actionem
1054 3035 1160 3090 itineris
1180 3035 1328 3103 uirtutum,
1348 3036 1419 3107 quod
1440 3052 1547 3092 sursum
1569 3039 1644 3095 ducit
1663 3034 1690 3092 l'n

155 3142 286 3190 aeonum,
298 3140 367 3196 quae
378 3140 459 3196 supra
471 3140 501 3180 se
512 3124 728 3194 contemplantur
739 3132 767 3177 ct
782 3124 808 3178 in
822 3138 852 3179 se
905 3123 1026 3179 ueritatis
1051 3125 1319 3197 contemplationem,
1335 3136 1360 3182 et
1382 3128 1415 3182 ni
1435 3130 1505 3183 omni
1530 3129 1623 3183 tramiti
1646 3146 1691 3199 pes

155 3226 261 3282 mant,
284 3215 386 3271 fuciunt
413 3225 494 3285 atque
517 3213 650 3279 fficiuunt,
673 3212 788 3268 factiuns
810 3211 851 3267 rel
866 3218 888 3281 c
902 3232 1006 3270 sursum
1017 3216 1101 3285 {arcun
1113 3226 1260 3282 reuaotum,
1275 3218 1327 3273 luoc
1337 3226 1397 3282 cst,
1412 3219 1521 3288 pennati
1536 3220 1619 3290 pedes
1631 3234 1693 3274 san·

159 3322 207 3362 rus
223 3320 315 3362 ennam
331 3312 418 3361 neotus
436 3320 490 3360 non
509 3304 729 3360 inconvenienter
743 3303 850 3358 dieitur.
901 3315 1007 3362 ctorum
1026 3307 1213 3364 intellectuum
1230 3308 1399 3380 significant,
1418 3312 1491 3381 quod
1503 3311 1553 3383 ipsi
1566 3311 1601 3366 ab
1617 3310 1691 3367 omni

167 3414 226 3453 sero
242 3396 387 3468 symbolam
401 3412 457 3451 esse
474 3395 609 3467 euformis
632 3397 699 3449 uitae
721 3395 854 3463 propriam
902 3396 1053 3452 bumilitate
1065 3398 1214 3468 corporalis
1225 3408 1368 3455 creaturae
1381 3401 1478 3457 rentoti
1489 3409 1562 3467 sunt,
1571 3414 1693 3471 persor·

155 3502 168 3540 a
186 3487 307 3541 uirtutem
315 3483 480 3554 deiformiter
491 3485 517 3538 in
529 3499 573 3550 ea,
585 3500 652 3554 quae
661 3481 854 3554 praeintellecta
903 3499 961 3540 sunu
974 3483 1074 3551 ferens,
1088 3486 1115 3541 id
1129 3496 1183 3552 est,
1197 3502 1246 3559 per
1258 3487 1467 3545 intellectualem
1479 3489 1624 3557 theoriam,
1636 3504 1691 3561 qua

155 3575 312 3633 eminentie.
327 3574 498 3629 liicuntesse
509 3588 557 3630 cor
568 3573 736 3645 symbolum,
747 3572 855 3642 signum
903 3587 1010 3629 sursum
1031 3573 1154 3630 feruntur
1177 3575 1205 3631 in
1225 3591 1335 3633 causam
1351 3593 1441 3633 rerum
1456 3578 1609 3634 uolitantes.
1625 3576 1689 3647 ipsa

155 3664 310 3728 ,deiformis
323 3664 405 3730 sitae,
418 3678 489 3735 qnae
508 3672 550 3720 est
565 3664 615 3719 iu⁷
631 3662 854 3719 intellectualibus
903 3677 961 3717 uero
982 3677 1126 3731 penmrum
1151 3663 1241 3719 leuitas
1265 3665 1344 3719 uuicbit
1370 3674 1518 3730 terreorum,
1538 3668 1583 3720 sed
1606 3675 1690 3722 totum

155 3752 855 3823 enubilibuscrmtutrisquaepropr'iomuitalemuir-
902 3753 999 3807 arunde
1012 3760 1037 3806 et
1050 3752 1107 3807 aine
1126 3755 1253 3823 promente
1273 3755 1300 3808 s'u
1323 3753 1451 3808 excelsum
1468 3754 1620 3809 ascertdens.
1640 3754 1693 3810 Su·

163 3841 331 3899 deiformiter
349 3843 465 3898 seminat
475 3843 503 3897 in
518 3856 549 3897 ea
559 3881 567 3907 ,
579 3855 649 3911 quae
661 3841 749 3896 diuina
762 3840 855 3911 proui—
903 3841 993 3911 perius
1005 3840 1156 3909 expositum
1173 3849 1216 3895 est
1229 3842 1262 3905 ¹¹,
1278 3843 1349 3910 qnod
1369 3842 1464 3897 leuitas
1484 3857 1633 3912 penrrsrum
1656 3845 1694 3900 si·

158 3936 336 4004 ,prinsquam
350 3932 457 3997 tierent,
468 3931 784 4015 praeintellexit-Quoin
795 3931 855 3987 loce
904 3930 1023 3999 gnificat,
1037 3930 1105 3984 nituit
1118 3930 1145 3985 in
1157 3930 1319 3986 caelestibus
1340 3933 1466 3987 essentiis
1474 3941 1610 3989 terrenum
1620 3948 1691 4001 esse,

155 4022 230 4107 Q·
249 4022 322 4094 quod
340 4037 437 4077 omnes
450 4022 577 4085 uirtutes,
600 4036 670 4091 quae
689 4035 737 4090 per
751 4021 855 4089 singula
904 4021 951 4075 sed
967 4027 1036 4075 totas
1048 4035 1095 4075 eas
1107 4021 1221 4075 mundas
1231 4020 1358 4090 uniruique
1368 4022 1501 4092 grauitate
1513 4020 1652 4081 absolutas
1663 4025 1692 4080 in

155 4100 313 4169 usbumsni
327 4111 856 4184 corporisimaginantur,nonsolumad
905 4110 1051 4176 excelsum,
1066 4111 1150 4167 murm
1165 4110 1256 4182 plane,
1274 4114 1430 4168 ascendere.
1453 4110 1604 4169 Notandum
1619 4115 1693 4185 quod

155 4203 453 4281 ttesessentiusmegum
467 4204 592 4257 etiamad
604 4204 853 4268 eurusamemnimn,
904 4202 999 4256 besuus
1019 4201 1071 4257 iste
1093 4203 1230 4275 magister,
1249 4204 1328 4258 sienni
1343 4202 1426 4259 ceteri
1442 4203 1562 4273 eiusdem
1584 4202 1692 4275 lingone

154 4308 279 4350 somnes
298 4280 597 4365 pmcedunt'uirtutes,
619 4302 730 4363 possunt
749 4290 854 4346 referri.
905 4290 1038 4355 doctores,
1057 4291 1147 4345 omunia
1169 4306 1283 4361 genera,
1304 4307 1400 4346 omnes
1421 4306 1550 4347 numeros
1569 4292 1691 4348 omnium

155 4399 182 4439 aa
204 4383 378 4440 etiamecluti
404 4384 499 4439 iruirno
514 4385 596 4439 eoc'e
618 4383 706 4438 uitalis
725 4392 813 4438 motus
828 4383 854 4437 iu
904 4378 1048 4436 uerborum
1076 4389 1280 4450 erumnarumque
1310 4381 1426 4451 partiuma
1452 4381 1690 4451 significativarum

155 4474 274 4531 mitatem
294 4473 406 4531 risibilis
427 4482 456 4529 et
475 4473 617 4529 invisibilis
634 4482 773 4529 creaturae
794 4481 855 4527 tan·
906 4471 1056 4529 intellectus
1076 4486 1125 4543 per
1146 4471 1290 4544 singularia
1314 4473 1445 4528 neutralia
1467 4475 1586 4539 nomina,
1611 4490 1693 4548 saepe

170 4566 199 4621 in
211 4581 294 4621 unum
307 4566 442 4637 quoddam
464 4580 564 4635 eorpus
585 4564 756 4621 distribuitur
775 4573 856 4635 atque
869 4548 894 4606 Ι)
905 4564 987 4620 etiam
1009 4578 1058 4634 per
1074 4564 1219 4620 seruorum
1234 4563 1337 4619 infinita
1352 4563 1526 4620 usitatissime
1544 4564 1691 4622 insinuant.

156 4664 228 4712 stur.
245 4655 352 4711 intuere
361 4655 442 4712 etiam
456 4652 528 4728 quod
541 4656 578 4710 ait
589 4673 596 4710 :
608 4653 661 4711 Cor
672 4670 732 4711 esse
742 4656 852 4726 symbo-
906 4651 1015 4707 Nudam
1029 4667 1130 4723 quoque
1147 4660 1171 4706 et
1183 4651 1537 4719 uinculatumdiuaissum,
1551 4661 1575 4707 et
1588 4652 1693 4709 utsus-

155 4742 278 4801 eiformis
286 4746 358 4801 sitae
371 4745 482 4801 sitalem
496 4745 622 4799 uirtutem
640 4746 814 4809 seminantis,
826 4752 854 4799 et
903 4752 1001 4809 tuaest
1013 4740 1233 4807 immensurabile,
1244 4752 1268 4795 et
1278 4758 1375 4812 pssum
1386 4759 1475 4799 eorum
1486 4743 1520 4811 ¹¹,
1534 4759 1602 4815 quoe
1617 4753 1694 4801 entra

155 4835 469 4907 ge,lroncpraeclamm
483 4836 641 4905 magistrum
658 4836 748 4889 sedem
764 4834 854 4891 uitalis
903 4842 983 4897 suut,
1014 4834 1193 4905 appositione,
1225 4841 1249 4886 et
1274 4835 1309 4889 ad
1333 4834 1524 4905 simplicitatem
1554 4838 1690 4898 diuinas.

155 4942 163 4982 t
183 4927 265 4982 tonus
284 4928 368 4983 nostri
383 4926 505 4996 corporis
517 4941 570 4980 non
586 4926 612 4981 in
627 4926 749 4990 cerebro,
765 4924 811 4979 sed
826 4924 854 4980 in
902 4931 1031 4993 quantem
1049 4922 1187 4993 possibile,
1215 4923 1437 4980 adsiuusfntiuum.
1458 4924 1499 4981 Ae
1520 4926 1543 4982 si
1567 4927 1691 4984 diceret:

171 5019 344 5073 conmitutam
358 5017 465 5071 docere.
906 5016 982 5084 Qauod
998 5017 1156 5073 caelestium
1170 5018 1349 5073 essentiarum
1370 5019 1499 5089 mysticae
1517 5020 1649 5092 imagines
1663 5022 1692 5075 in

155 5114 220 5160 :tora
232 5106 326 5161 iterum
343 5105 492 5175 siguificare
509 5104 603 5158 durum
618 5113 642 5158 et
662 5105 853 5171 custoditivum,
907 5108 1081 5164 siuuilitudine
1101 5112 1165 5166 nudi
1188 5112 1305 5167 hominis
1330 5120 1357 5166 et
1379 5110 1481 5181 absque
1501 5111 1691 5167 calceamentis

155 5198 279 5269 uppasita
289 5197 367 5252 eorda
382 5195 499 5264 multisne
513 5195 700 5249 distributionis
712 5196 733 5248 ¹.
747 5197 854 5261 Dicunt,
907 5200 1004 5255 stantis
1014 5214 1063 5254 seu
1075 5199 1250 5270 ingredientis
1264 5199 1337 5254 uisae
1350 5207 1422 5266 suunt,
1440 5199 1504 5269 quid
1524 5198 1595 5254 aliud
1607 5199 1691 5268 sigui·

703 5324 831 5381 tantali
849 5326 1049 5383 LECTlONES.

165 5461 318 5584 disclgfiuis.
356 5456 455 5512 'Corn
469 5455 712 5538 bysuncium.
750 5454 896 5508 'fl'eorn
908 5455 1098 5536 progressiones
1111 5471 1286 5539 enumeratum.
1334 5458 1403 5512 ¹llll
1418 5461 1542 5539 crentur.
1589 5459 1634 5513 'A
1649 5476 1692 5514 tu·

155 5577 161 5624 =
198 5532 209 5565 ·
471 5528 522 5609 'u
535 5526 661 5650 uult
947 5524 1408 5651 1:numanus..⁹
1422 5527 1629 5651 uultus
1648 5528 1692 5652 lt

155 5617 255 5728 affl
274 5598 571 5727 {patratarum
609 5665 629 5696 ¹¹
645 5635 781 5725 bausit,
803 5631 1016 5730 rlfldepeuduut.
1064 5616 1365 5733 “pinamllllfs‘u‘pra
1383 5635 1527 5720 adsemil'.
1559 5636 1693 5722 '¹¹ll'ssur-

155 5753 251 5796 urente.
298 5737 578 5790 ¹¹lleersussnrnnn.
623 5731 942 5797 ¹¹‹·atouu..·lll‚adscr.
962 5731 1005 5784 ll'.
1042 5731 1109 5785 ¹¹B'
1129 5732 1465 5795 iufrandscr.nbconua.
