3984 6534
164 442 218 502 ιιι
648 396 663 404 ”
861 424 1002 484 rounms
1020 424 1119 482 scon
1763 405 1809 461 ⁸⁸⁰

85 546 93 559 ’
161 565 261 613 natura
276 554 312 609 nil
329 551 462 616 subsistit,
489 547 561 620 quod
582 546 723 619 spirituale
741 553 770 601 et
792 540 959 612 intelligibile
972 543 998 604 Α
1010 537 1168 608 deificantis,
1181 544 1250 589 tatarr
1261 533 1366 606 quidem
1379 532 1458 584 bama
1468 540 1586 582 straneas
1601 520 1747 577 amandam
1761 519 1808 573 esi·

163 662 219 704 non
232 647 277 702 sil.
296 643 363 700 Nam
377 651 404 699 el
415 640 565 697 substantia
582 637 705 709 corporis
719 633 842 706 amisero
860 630 958 688 intelli·
1009 647 1079 686 mam
1093 639 1117 683 et
1132 644 1225 700 carpus
1240 643 1287 698 per
1305 634 1442 689 naturum,
1457 629 1482 676 et
1493 629 1572 675 tatus
1588 616 1681 686 {actus
1692 612 1760 668 Deua
1772 629 1806 667 re·

164 736 254 810 gibilis
267 743 319 800 est,
332 741 413 803 atque
427 731 488 787 ideo
501 745 555 786 non
567 735 608 785 est
618 726 785 791 incredibile,
798 739 849 781 nec
859 721 957 778 radoni
1009 725 1123 780 cundum
1136 724 1252 777 aularum
1263 730 1287 776 el
1301 735 1393 788 carpus
1406 733 1454 787 per
1473 714 1608 786 prusiam.
1623 719 1650 764 et
1665 709 1806 763 cantamer-

164 828 296 884 resistens
319 825 340 889 ¹,
375 821 554 892 intelligibiles
581 819 747 877 substantiae
769 816 820 873 sibi
842 815 958 871 invicem
1010 813 1195 883 temribi'per
1210 820 1292 866 tatum
1306 800 1648 874 iiuiaurabeateeptariee
1662 797 1804 859 eburata,

165 915 278 971 adunari
291 914 313 980 ⁸,
328 922 359 968 ut
375 921 403 968 et
424 927 508 967 unum
524 910 590 976 sint,
607 916 636 966 et
652 905 960 978 unaquaequeproprie-
1009 915 1066 978 part
1092 919 1169 977 quam
1198 901 1264 957 nibil
1286 909 1322 955 est
1346 899 1380 953 aul
1398 893 1612 966 intelligendum
1638 889 1752 943 lucidius
1768 897 1805 941 sat

165 1014 248 1062 tatem
267 990 343 1061 suam
362 1012 391 1059 et
409 1002 612 1058 subsistentiam
632 999 734 1056 habere
755 1012 812 1054 non
836 997 957 1063 desistat,
1010 997 1148 1052 excelsius.
1162 992 1231 1058 Quid
1244 1000 1280 1046 est
1294 992 1305 1023 ⁸
1318 985 1479 1050 bromede
1492 991 1536 1038 θεῖ
1551 978 1803 1051 deificariarediru‘r

165 1097 203 1152 ita
225 1105 325 1161 tamen,
349 1102 379 1149 ut
404 1093 533 1149 interiora
550 1089 734 1161 superioribus
758 1087 957 1144 contineantur.
1011 1085 1161 1151 amabilius,
1173 1101 1218 1156 per
1233 1099 1311 1155 quum
1324 1083 1413 1136 θέωσιν
1427 1078 1523 1133 'Deus
1537 1074 1595 1130 diis
1611 1069 1802 1142 sectir¹⁸arirss

83 1227 90 1235 .
165 1185 224 1242 Non
237 1185 308 1241 enim
322 1197 386 1239 rora
402 1183 471 1238 ralia
484 1181 559 1246 sinit,
574 1179 714 1250 superiora
726 1174 899 1232 inlerioribus
917 1171 960 1228 rel
1012 1178 1117 1236 οιιιιιιιιο
1130 1176 1323 1230 uniuersitatem
1340 1188 1416 1226 suum
1432 1169 1498 1240 sarit
1510 1182 1565 1237 per
1580 1160 1804 1219 bariteleatllni·

167 1275 311 1340 contineri,
330 1273 373 1329 rel
385 1273 496 1337 attrabi,
511 1271 554 1327 vel
568 1269 701 1326 consumi.
721 1266 852 1324 interiora
867 1279 960 1320 veroa
1013 1269 1161 1333 madverte,
1174 1266 1245 1336 quad
1266 1265 1314 1328 nit,
1328 1270 1401 1318 totus
1421 1262 1507 1317 bomo
1528 1270 1654 1313 araneus
1671 1255 1799 1312 matum

165 1363 350 1436 superioribus
365 1360 524 1417 naturaliter
537 1355 959 1425 attrabuntur,etabsorbentur,
1013 1360 1132 1415 animam
1154 1365 1182 1411 er
1209 1370 1308 1425 carpus
1326 1369 1375 1424 per
1402 1359 1556 1414 araturam,
1579 1356 1612 1402 et
1635 1356 1697 1401 tatas
1718 1343 1796 1398 factm

166 1468 220 1508 non
235 1461 265 1507 ul
278 1466 332 1508 non
344 1451 408 1517 sint,
424 1450 472 1506 sed
485 1457 516 1505 ut
527 1450 554 1505 in
568 1449 608 1505 eis
622 1448 681 1517 plus
696 1447 847 1508 salventur,
859 1451 887 1500 el
898 1444 961 1500 suh·
1013 1452 1085 1508 Deus
1113 1449 1261 1506 secundum
1287 1447 1406 1502 arrianam
1432 1453 1462 1499 et
1484 1456 1598 1513 corpus
1623 1456 1671 1511 per
1688 1438 1793 1511 gratiam.

164 1545 273 1608 sistant,
287 1550 315 1596 et
332 1555 415 1597 unum
428 1539 492 1595 sint.
511 1535 580 1593 Nam
600 1551 688 1607 neque
711 1550 758 1590 aer
777 1549 853 1590 suam
872 1532 962 1605 perdit
1014 1539 1178 1597 Νιιιιιιιιιιιιι
1195 1539 1216 1572 ²¹
1229 1537 1311 1608 igitur
1333 1534 1456 1590 maarebit
1477 1532 1658 1602 proprietas,
1679 1537 1705 1584 et
1720 1542 1798 1582 earam

167 1635 357 1700 srrlrstautiam,
370 1647 430 1689 cum
446 1640 520 1688 totus
531 1631 559 1686 in
573 1629 661 1686 solare
675 1628 765 1684 lumen
781 1627 960 1692 convertitur,
1014 1629 1067 1686 erit
1085 1629 1184 1694 unitas,
1201 1643 1252 1682 nec
1272 1626 1424 1697 proprietas
1450 1621 1566 1678 auleret
1587 1629 1743 1676 naturarum
1765 1619 1803 1673 atl-

167 1725 326 1788 intantum,
346 1719 461 1777 ⁰1¹¹th
485 1720 513 1775 ¹¹¹
536 1734 569 1775 ⁰⁰
595 1727 724 1789 appareat
747 1717 799 1773 ⁰⁵⁸1
825 1717 881 1783 ¹¹¹¹»
899 1731 961 1773 cum
1015 1724 1184 1788 ornationem,
1208 1736 1259 1777 nec
1286 1720 1415 1776 adunatio
1426 1726 1600 1773 naturarum
1613 1715 1801 1786 proprietatem.

165 1813 237 1869 aliud
249 1814 285 1869 sit
297 1813 353 1878 lux,
365 1812 437 1868 aliud
452 1825 514 1875 aer;
530 1810 575 1865 lux
590 1817 679 1865 tamen
694 1807 833 1879 praevalet
844 1809 872 1864 in
887 1810 961 1874 aere,
1019 1815 1090 1870 brso.
1105 1813 1192 1869 Istaec
1206 1812 1238 1878 ¹¹,
1257 1826 1326 1881 quae
1341 1825 1356 1865 a
1370 1820 1396 1864 te
1409 1809 1481 1864 dieta
1494 1816 1576 1874 sunt,
1597 1807 1726 1878 quamvis
1740 1820 1801 1860 rrnr

167 1914 197 1959 ιιι
214 1904 271 1960 sola
292 1905 415 1959 videatur
430 1918 500 1959 esse.
520 1902 634 1958 Ferrum
656 1901 733 1956 aut⁸
756 1901 830 1956 aliud
852 1900 962 1971 aliquod
977 1890 1111 1960 Bratioui
1138 1901 1283 1958 videantur
1307 1899 1415 1963 similia,
1432 1899 1527 1954 minus
1554 1905 1653 1953 tamen
1678 1897 1800 1966 capacibus

166 1991 316 2058 metallum,
338 1993 365 2047 in
381 1993 443 2064 igne
466 1992 650 2062 liquefactum,
675 1991 703 2047 iu
726 1991 817 2063 iguem
841 1990 961 2047 converti
1014 2002 1161 2064 rerumque
1182 1999 1307 2047 naturam
1328 1987 1573 2044 considerantibus
1595 1984 1769 2050 ridebuntur,
1782 1995 1803 2038 at

165 2084 282 2149 ridetur,
303 2092 334 2140 ut
353 2084 421 2156 ignis
437 2100 522 2156 puros
536 2084 659 2141 videatur
672 2098 743 2151 esse,
762 2084 836 2140 salva
859 2082 961 2139 mctalli
982 2146 989 2168 c
1013 2086 1125 2158 opinor,
1153 2082 1236 2140 veluti
1260 2082 1392 2152 quaedam
1418 2078 1630 2143 deliramenta,
1656 2093 1691 2133 ac
1718 2078 1804 2133 obas

166 2173 315 2229 substantia
329 2182 514 2244 permanente.
534 2173 636 2229 Eadem
648 2173 753 2230 ratione
764 2172 890 2230 existimo
899 2186 961 2229 cor·
1013 2175 1235 2232 eanlradicentia.
1247 2171 1358 2242 blagnus
1369 2169 1504 2240 siquidem
1514 2167 1679 2240 Gregorius
1690 2167 1804 2240 Nysaea

168 2263 288 2334 paralem
307 2266 485 2321 substantiam
505 2265 534 2320 in
558 2265 676 2320 anintam
693 2280 753 2322 esse
775 2266 959 2329 transituram,
1013 2267 1061 2329 ait,
1079 2264 1195 2328 utdicis,
1208 2262 1278 2335 quod
1297 2263 1478 2316 animaruum
1499 2267 1592 2314 totam
1610 2275 1712 2330 carpus
1733 2260 1758 2313 ir
1776 2275 1804 2313 ra

166 2371 220 2410 tran
240 2367 271 2411 ut
291 2364 392 2427 perenl,
411 2357 481 2426 quod
496 2356 541 2422 sit,
561 2356 607 2411 sed
626 2363 657 2411 ut
673 2355 701 2410 in
714 2354 819 2412 meliori
844 2355 962 2411 essentia
1012 2357 1096 2426 ipsum
1110 2353 1348 2424 causarmplararil,
1364 2360 1387 2404 et
1399 2366 1458 2403 cram
1469 2351 1529 2419 ipso
1540 2366 1617 2404 uuus
1628 2358 1656 2404 et
1670 2350 1803 2420 spiritual

167 2444 242 2499 salua
262 2445 307 2499 sit.
339 2443 470 2501 Similiter
493 2445 527 2499 tle
549 2445 607 2514 ipsa
633 2444 725 2499 anima
747 2444 960 2515 intelligendum,
1013 2449 1127 2514 animur,
1144 2456 1168 2501 et
1190 2445 1259 2500 Deus
1276 2445 1376 2515 futuru.
1393 2443 1441 2498 Cui
1462 2443 1553 2496 etiarn
1577 2442 1657 2499 lavet
1680 2442 1803 2507 Uarinius,

165 2534 285 2606 quodita
302 2533 507 2591 inintellectum
520 2535 682 2602 movebitur,
698 2535 767 2591 utin
781 2534 963 2606 enpulcbrior
1013 2542 1106 2597 dicens
1134 2559 1141 2596 :
1170 2538 1283 2596 Omuiaa
1308 2548 1422 2607 tempore
1442 2538 1654 2594 rerurrectionis
1680 2539 1803 2594 senuas

166 2625 277 2694 beoque
289 2622 403 2680 similior
414 2634 597 2682 conservetur.
618 2624 674 2681 Nec
690 2623 770 2681 aliter
795 2625 911 2681 dixerim
929 2626 962 2682 do
1013 2632 1076 2687 beae
1085 2631 1203 2702 {asturam
1219 2630 1411 2687 saumariorum
1423 2629 1450 2682 ir
1461 2627 1574 2700 Spiritu
1589 2639 1688 2687 rerem
1700 2647 1744 2702 prr
1757 2645 1804 2700 gre

166 2717 293 2784 transitu,
308 2725 339 2773 ut
358 2733 411 2774 non
425 2718 514 2774 adbuc
528 2718 616 2774 dicam
633 2718 763 2783 omnium,
782 2718 829 2774 sed
844 2718 963 2774 rationa-
1013 2722 1078 2777 tiam
1098 2721 1230 2775 incarnati
1252 2718 1300 2774 liei
1325 2718 1508 2773 absorbebitur
1533 2736 1603 2775 cera
1627 2721 1664 2775 ab
1690 2721 1802 2775 erirrair

167 2806 263 2863 bilium
275 2806 487 2864 substantiarum
501 2805 529 2864 iu
543 2807 639 2874 Deum
655 2805 683 2863 in
698 2823 753 2878 quo
767 2815 864 2865 cuncta
879 2808 961 2863 linem
1012 2815 1118 2885 spiritua
1130 2813 1221 2868 auimo
1240 2828 1300 2868 aera
1314 2814 1343 2866 iu
1356 2812 1377 2843 ¹⁸
1390 2811 1456 2867 Dea.
1471 2811 1616 2869 Addidisti
1629 2812 1802 2886 quoquebeati

165 2901 287 2972 positura
303 2909 376 2969 sunl,
392 2909 419 2958 et
442 2916 524 2957 unum
541 2910 630 2958 erunt.
652 2900 705 2958 Sed
717 2901 789 2975 quad
805 2900 839 2959 de
858 2901 962 2957 aduna-
1011 2905 1149 2963 Ambrosii
1164 2905 1323 2962 seutentiam
1342 2906 1375 2960 tle
1395 2902 1568 2960 adunatione
1586 2905 1726 2962 humanae
1741 2915 1802 2960 natr-

166 2993 240 3049 tionc
253 2994 388 3054 humanae
402 3003 515 3051 naturae
533 2995 634 3066 absque
655 2995 823 3068 singularum
838 2995 963 3052 substan·
1012 3012 1069 3065 rae,
1091 2997 1143 3053 boc
1153 3004 1205 3064 est,
1222 2996 1256 3053 de
1269 2996 1357 3051 reditu
1372 2994 1399 3050 in
1416 3010 1513 3060 unum,
1529 3010 1569 3051 ne
1585 2997 1720 3054 videreris
1731 2997 1802 3053 Grae·

168 3084 265 3140 tiorum
287 3086 460 3156 proprietatis
477 3085 623 3143 abolitione
642 3086 770 3153 diximus,
785 3087 859 3144 beati
877 3086 889 3119 ⁸
907 3086 963 3142 lla·
1013 3102 1108 3144 corum
1133 3086 1301 3146 solummodo
1326 3091 1467 3140 auctamm
1494 3085 1692 3142 auctoritatem
1718 3086 1789 3156 sequi
1797 3125 1803 3149 ,

169 3175 237 3231 xirrri
253 3177 384 3232 renuntia
399 3179 714 3250 passumusapprobare.
735 3179 963 3252 Exponensnam·
1015 3178 1087 3235 nullo
1112 3178 1212 3234 ansilla
1236 3176 1363 3233 latialiter
1383 3176 1578 3247 loquentium,
1604 3179 1655 3234 ino
1675 3180 1752 3233 etiam
1771 3177 1803 3232 de

168 3281 222 3337 que
238 3280 365 3336 magnum
379 3266 539 3339 Gregorium
561 3269 710 3342 Nyssaeuur
730 3271 758 3327 in
781 3286 906 3330 senuane
930 3248 999 3329 deC
1014 3279 1112 3329 natura
1128 3285 1219 3326 rerum
1234 3269 1426 3340 disputantium
1445 3267 1594 3326 suffultus.
1607 3270 1660 3341 lpse
1675 3268 1801 3339 siquidem

170 3346 315 3422 Grandine,
333 3356 429 3412 ubiait
443 3376 452 3414 r
466 3358 501 3414 tu
513 3375 559 3414 aas
571 3360 882 3432 quidemluaiaeffubllia
893 3361 964 3417 occi·
1015 3360 1093 3419 docet
1115 3367 1170 3415 tres
1193 3359 1327 3415 humanae
1352 3366 1465 3414 naturae
1487 3359 1695 3427 subsistentias,
1715 3374 1805 3430 corpus

90 3446 96 3457 ’
165 3446 239 3516 piet,
264 3453 288 3499 et
312 3453 419 3501 sunctae
440 3462 472 3500 aa
501 3446 596 3519 regalis
618 3446 801 3519 contemplatio
826 3447 963 3504 Trinitatis
1013 3448 1150 3516 uidelicet,
1175 3456 1203 3504 et
1226 3447 1354 3513 animam,
1379 3456 1407 3504 et
1437 3447 1628 3518 intellectum,
1655 3449 1737 3505 veluti
1759 3449 1801 3503 tria

166 3533 343 3590 illumiuantis
368 3535 472 3605 plautas
493 3547 517 3593 st
535 3537 637 3608 perium
659 3545 683 3592 el
705 3537 784 3594 latiur
803 3539 850 3593 tati
875 3540 963 3596 arima
1014 3539 1146 3612 quaedam
1161 3546 1219 3595 sata
1233 3538 1350 3602 farinae,
1366 3547 1397 3595 ut
1414 3554 1469 3595 non
1489 3540 1585 3596 dicam
1603 3540 1802 3601 confundendas

167 3628 287 3693 aristae,
311 3645 391 3700 quum
414 3629 492 3685 etiam
519 3631 604 3686 roiam
635 3646 743 3701 reguum
767 3630 899 3687 caelorum
917 3649 963 3704 ega
1014 3629 1062 3687 sed
1076 3628 1157 3685 relrrti
1171 3629 1304 3686 lernrcnto
1323 3631 1438 3700 quadarn
1453 3630 1585 3688 caritatis
1600 3633 1712 3691 vinculo
1728 3648 1803 3689 resut-

167 3735 246 3791 paua,
266 3729 462 3792 consequenter
478 3721 609 3793 adiunxit,
629 3721 786 3780 dicenszlrr
805 3724 875 3779 arnul
894 3739 965 3779 creu-
1015 3720 1144 3776 rectionis
1167 3728 1288 3792 tempore
1308 3721 1476 3787 adunandas,
1499 3737 1557 3779 non
1577 3732 1611 3780 ut
1628 3724 1721 3796 aliqua
1741 3738 1802 3780 aan-

168 3819 230 3866 taru
256 3812 407 3868 rationabili
435 3813 586 3886 augelorum
616 3823 640 3870 et
665 3815 826 3881 bominum,
850 3815 962 3887 quicar-
1014 3812 1113 3884 positio
1126 3820 1236 3868 nostrae
1252 3821 1375 3878 naturae,
1396 3814 1443 3869 sed
1463 3815 1582 3872 otunino
1604 3817 1762 3889 simplicitas
1782 3824 1804 3870 rt

168 3917 219 3968 que
235 3901 336 3959 nullm
356 3905 498 3960 secuudum
522 3915 631 3973 malunt,
650 3906 695 3978 qui
714 3906 749 3961 ad
771 3905 850 3977 linear
864 3915 901 3961 est
918 3921 965 3960 rra-
1014 3900 1202 3971 inseparabilis
1215 3902 1305 3957 unitas
1317 3900 1458 3956 efficiatur.
1474 3902 1539 3958 Nar
1556 3906 1645 3971 enim,
1658 3916 1690 3962 ut
1705 3906 1802 3977 ipseail,

173 3994 298 4052 ruraliter
323 4009 519 4070 compactarum
541 4001 579 4055 eir
600 4001 750 4056 diuinarum
774 4001 906 4057 ruinarum
930 3999 963 4054 ab
1015 3992 1093 4049 aliter
1105 3993 1140 4048 td
1156 3993 1295 4065 lmenioem
1311 3992 1357 4048 Dei
1373 3996 1583 4064 retlaorobt'lttr,
1600 3998 1625 4053 ri
1638 4014 1693 4054 nort
1710 3996 1803 4068 duplat

170 4085 369 4157 intuerentur
394 4106 440 4160 per
463 4091 648 4162 urqlipeuliaru
671 4102 853 4163 corruperant,
879 4092 963 4163 irrepis
1015 4085 1134 4154 spiritus,
1158 4086 1279 4156 amnique
1295 4086 1482 4157 corapositiarre
1501 4087 1592 4145 libera
1611 4090 1706 4161 [mara
1722 4088 1801 4145 abab

172 4187 261 4233 artem
273 4177 372 4247 seipsas
391 4189 567 4250 tearperurrer
583 4181 765 4249 raiaaaerart,
785 4190 853 4239 totas
869 4183 963 4238 iocou—
1014 4188 1088 4230 1¹²¹ssss
1105 4173 1204 4230 ilerum
1225 4182 1286 4245 ⁹0⁵¹
1305 4175 1508 4246 llffledlcwrum
1527 4175 1648 4236 pallum
1666 4182 1701 4237 (¹⁰
1716 4178 1802 4249 Simili·

170 4269 325 4327 versibiliter
348 4280 435 4341 rrtpote
454 4270 557 4326 diuinae
575 4287 675 4342 arpena
689 4280 836 4328 saturaret
860 4287 925 4337 aar,
939 4278 964 4326 el
1015 4264 1125 4322 sissima
1160 4265 1295 4321 humanae
1320 4274 1433 4322 nattrrae
1461 4280 1515 4322 uon
1542 4269 1637 4327 solum
1662 4272 1691 4328 in
1717 4272 1800 4343 seipsa.

172 4359 276 4431 farum
292 4376 348 4420 ω.
359 4363 480 4430 mm„
494 4380 559 4435 quoe
573 4380 620 4434 per
631 4374 715 4420 poium
729 4374 798 4420 ιοιιιι
812 4364 965 4436 circumi.
1015 4371 1109 4412 verum
1124 4355 1204 4414 etiam
1220 4356 1248 4410 in
1267 4357 1322 4412 Deo
1338 4355 1501 4415 adunatione
1516 4364 1683 4429 sententias,
1697 4362 1799 4432 ejusdem

172 4466 235 4505 raus
246 4450 329 4519 Dera,
339 4451 369 4509 la
383 4453 491 4510 uadum
509 4455 614 4510 aristae
627 4452 706 4511 ueluti
720 4454 835 4510 membra
847 4455 964 4525 carparis
1015 4447 1124 4504 Maximi
1148 4448 1221 4504 (litia
1244 4448 1428 4515 introduxisti,
1451 4465 1522 4521 quoe
1545 4462 1615 4509 sunt
1638 4452 1799 4524 hujusmodi:

172 4551 324 4616 commta,
338 4544 435 4615 optim
450 4544 562 4601 Dauara
580 4545 664 4614 faetor
686 4545 721 4600 od
733 4545 892 4601 aalustateru
907 4555 965 4602 tra·
1016 4542 1097 4599 Totus
1121 4540 1227 4614 quidem
1252 4543 1328 4597 bama
1352 4558 1459 4598 manens
1479 4546 1634 4601 mcurdmu
1653 4548 1798 4603 emmo

171 4641 235 4698 etat,
248 4635 388 4704 etprapriu
398 4632 487 4705 implet
495 4634 612 4705 plorimi
624 4635 796 4701 beatitudine,
807 4635 886 4692 ailam
895 4635 962 4691 dors
975 4608 1003 4672 Ῑ)
1014 4648 1107 4705 carpas
1121 4649 1168 4705 per
1189 4643 1322 4699 naturum,
1343 4642 1367 4689 et
1386 4642 1456 4688 ratur
1471 4633 1560 4702 foetas
1577 4635 1653 4694 Deras
1669 4634 1797 4691 nstrum

171 4727 196 4775 et
221 4718 323 4775 danaus
351 4729 483 4777 aeternam
505 4732 583 4795 atque
603 4721 773 4794 ineffabilem,
796 4732 820 4778 et
843 4722 962 4780 omuibus
1015 4723 1170 4777 salutemet
1191 4737 1284 4792 corpur
1308 4739 1353 4792 per
1369 4723 1490 4791 qratiam.
1512 4722 1623 4791 Quibus
1640 4724 1726 4784 verbis
1740 4720 1796 4793 quid

172 4808 259 4865 aradis
272 4810 392 4866 ariaerra
403 4811 513 4868 liberam
527 4813 672 4884 eugubinus
682 4812 838 4870 suauitatae
846 4815 964 4886 proprie·
1015 4814 1088 4871 aliud
1098 4815 1177 4870 datur
1186 4813 1369 4885 irrtelligi,nisi
1379 4823 1503 4870 naturam
1514 4814 1794 4887 corporesnlarsima

173 4902 235 4957 tulis
244 4902 398 4971 praeseutia,
408 4912 433 4958 et
445 4921 491 4975 per
503 4907 694 4976 corruptiorem
708 4905 871 4962 raadrterrtir
886 4906 962 4974 ulae,
1015 4919 1122 4976 semper
1133 4920 1350 4976 permansuram,
1361 4914 1388 4962 et
1400 4906 1473 4963 nulla
1485 4907 1568 4963 modo
1581 4924 1636 4966 nee
1648 4907 1793 4967 inanimam,

173 5006 265 5066 marr,
279 4990 395 5047 uidelicet
415 4995 494 5049 altera
512 4977 660 5061 artemam,
685 5013 738 5051 aon
755 5012 801 5052 aer
822 4996 964 5066 inspirare,
1017 4996 1297 5063 necinauimum,nec
1305 5000 1331 5054 in
1340 4998 1426 5069 ipsum
1434 4999 1714 5065 Deumtransituram,
1722 5011 1795 5068 quara

173 5081 488 5159 squamulaitriuali
501 5085 722 5157 bepateiluerttis⁸
736 5087 965 5152 constituentem
1016 5086 1059 5142 ris
1078 5087 1283 5142 resurrectionis
1296 5085 1381 5159 glorio
1403 5087 1482 5142 beata
1496 5095 1526 5142 et
1546 5087 1755 5160 incorruptibilis
1766 5085 1794 5138 sit

172 5172 247 5231 ursa
259 5172 404 5229 tumtun
415 5172 600 5246 participatas,
616 5184 640 5231 el
654 5176 759 5231 ammae
770 5177 798 5232 ia
813 5176 919 5231 madum
931 5178 965 5232 ad
1018 5178 1108 5235 lutura
1129 5181 1234 5236 anirnae
1250 5189 1279 5236 et
1297 5179 1386 5234 animo
1409 5186 1438 5234 et
1459 5178 1515 5234 beo
1537 5180 1705 5238 adunanda?
1720 5174 1792 5234 Simili

173 5276 268 5335 carpus
283 5261 387 5319 armare
400 5263 421 5329 ⁸,
437 5271 462 5319 et
482 5279 530 5334 per
549 5264 665 5321 medium
681 5268 798 5323 animaru
817 5266 852 5322 ad
871 5282 965 5339 corpur
1016 5269 1097 5324 mado
1118 5269 1153 5325 de
1171 5271 1277 5325 animae
1293 5277 1388 5326 natura
1409 5269 1548 5339 auinrique
1563 5286 1620 5328 non
1638 5273 1717 5329 aliter
1726 5267 1792 5327 intel·

174 5354 272 5425 sactar,
286 5355 354 5410 sicut
374 5356 444 5412 sarit
461 5356 526 5430 ipre,
544 5364 574 5411 rat
587 5373 619 5414 eu
639 5358 744 5430 quidam
758 5358 849 5414 arima
870 5360 963 5416 iucau·
1016 5357 1116 5415 lesisse
1125 5360 1231 5431 opinor,
1242 5374 1295 5414 non
1310 5359 1481 5427 transituras,
1492 5361 1540 5415 sed
1554 5363 1678 5432 singulas
1686 5371 1793 5433 quasque

173 5443 583 5518 sectiretcaerulearum
599 5448 964 5519 ueracarprrsimmarlulr’ta·
1015 5450 1043 5506 in
1070 5452 1179 5522 propria
1207 5451 1358 5507 substantia
1384 5467 1587 5521 permansuras.
1615 5454 1706 5526 Neque
1729 5453 1789 5509 enin

173 5536 962 5610 temetlatmbauradeilirelurperiubamauatilleiqratiam
1013 5557 1097 5614 parra
1115 5540 1265 5599 differentia
1276 5551 1318 5599 est
1335 5543 1405 5598 inter
1418 5543 1537 5599 animam
1553 5553 1581 5601 et
1594 5547 1724 5612 animum,
1737 5545 1789 5597 iun

825 5628 954 5687 vunnu
973 5630 1172 5690 LECTlONES.

175 5716 224 5839 ⁴⁶s
242 5715 288 5839 plo
300 5717 394 5843 CF;AA
406 5724 556 5822 repeterem.
601 5729 612 5760 ι
625 5722 671 5778 Sic
681 5721 739 5792 (Ἐς
751 5723 774 5779 Α
783 5722 811 5827 ⁸ri
826 5723 1008 5796 intelligibiles
1027 5739 1050 5781 s.
1059 5724 1134 5826 ἰῇ..
1146 5723 1317 5828 adsumtum·
1342 5723 1353 5754 ³
1372 5721 1416 5811 Sic
1434 5724 1476 5823 ις
1498 5723 1671 5810 Cb'lorrmn
1683 5736 1709 5832 ιιι
1718 5724 1787 5813 aliud.

177 5801 442 5929 utram
458 5794 603 5920 “totu
622 5794 1022 5929 ιιιιιι·
1051 5792 1267 5921 cius-..tt
1327 5792 1374 5850 u
1387 5792 1659 5861 iiiuc*-
1713 5799 1788 5851 “r'’
