3984 6534
306 311 357 371 'itt

1010 299 1153 359 tuturis
1170 299 1270 360 seori
1318 350 1327 364 .

1911 303 1956 363 m

306 427 396 491 causis
422 401 587 499 generalem,
602 398 717 479 alteram
729 416 758 479 iu
776 431 870 476 earum
884 413 1025 473 effectibus
1040 432 1102 487 spe·
1118 416 1229 481 Aniilta
1239 415 1722 476 linitasubstantiaeireumelndituri
1736 413 1812 471 lite.
1826 413 1955 474 imoeuan

304 516 414 575 etalem.
435 513 505 568 llio.
518 513 589 566 Duas
601 525 654 565 non
669 508 801 575 dixerim,
813 507 861 565 sed
871 522 952 561 uttam
966 505 1108 577 dupliciter

305 592 481 675 intellectam.
514 601 600 658 Aliter
630 600 703 657 enim
733 599 851 655 bumaria
882 596 1033 655 substantia
1057 613 1109 669 per

305 697 488 777 eqnditioncm
516 695 542 748 in
565 690 793 747 intellectualibus
819 688 983 761 perspicitur
1005 689 1107 754 musis,

305 794 384 852 aliter
406 807 454 863 per
476 788 678 863 gotteratinnem
704 787 730 840 in
751 784 905 843 effectibus.
933 782 972 839 lbi
997 782 1106 852 quidem

304 882 378 951 omni
394 879 572 936 innutabilitate
594 878 688 941 libera,
709 877 753 931 liic
778 874 950 931 titutatbilitati
967 873 1105 938 obnoxia;

304 975 342 1034 ibi
362 971 475 1043 simplex
496 970 676 1037 ontnibnsquo
702 966 886 1023 accidentibus
903 965 1026 1020 absolata
1048 980 1107 1020 om·

303 1078 366 1121 uem
379 1059 472 1135 elingit
497 1058 646 1112 contuitum
661 1067 688 1110 et
709 1054 873 1110 intellectam
896 1054 917 1121 ¹,
934 1054 978 1109 bie
998 1068 1108 1123 eontpo·

304 1138 431 1213 sirinano
451 1149 588 1221 quandam
601 1164 635 1203 ex
648 1145 846 1217 quantitatibus
868 1152 895 1198 et
919 1142 1104 1213 tqtralitatibus,

305 1234 466 1312 ceterisque,
484 1256 553 1310 quae
566 1241 638 1293 circa
653 1253 712 1291 cam
729 1234 925 1307 intelliguntur,
937 1233 1043 1305 accipit,
1059 1248 1107 1302 per

304 1314 408 1406 quam¹
424 1332 523 1386 inentis
539 1330 633 1400 recipit
650 1328 787 1382 intuitum.
810 1327 866 1381 lina
893 1328 984 1395 itaque
1000 1325 1108 1381 eadem-

304 1439 358 1495 que
371 1422 454 1477 ueluti
466 1420 562 1490 duplex
577 1419 676 1472 «licitur
689 1426 799 1488 prepter
808 1416 943 1486 duplicem
955 1415 997 1469 sui
1011 1430 1107 1485 speon-

304 1515 446 1580 lationem,
464 1514 563 1583 ubique
585 1520 675 1566 tantem
698 1526 775 1565 suam
800 1508 1107 1579 incomprebensibilita·

304 1618 361 1664 tem
382 1604 508 1670 custodit,
527 1604 553 1659 in
566 1604 657 1659 causis
670 1604 731 1657 dieo
744 1611 770 1657 et
781 1600 808 1656 in
823 1600 971 1666 clientibus,
989 1602 1042 1656 ltoc
1053 1609 1106 1666 est,

305 1698 363 1756 sire
382 1698 452 1752 truda
473 1697 499 1751 in
520 1709 569 1751 sua
591 1692 780 1764 sitnplicitate,
796 1694 852 1747 sire
867 1693 1051 1747 accidentibus
1066 1693 1107 1746 in·

1162 507 1213 563 ltoc
1230 508 1347 564 maximo
1365 517 1524 581 argumento
1544 507 1692 580 colligitur,
1717 503 1797 576 quod
1814 504 1843 561 in
1863 504 1957 564 nonin

1160 601 1250 657 omnis
1264 611 1389 657 ereatura
1413 603 1630 658 substantialiter
1656 611 1755 657 creata
1776 601 1825 657 sit.
1845 599 1954 659 Omnian

1160 692 1304 762 siquidem,
1320 709 1389 765 quae
1410 702 1483 762 sunt,
1500 693 1652 750 subtantia
1669 690 1750 747 nullo
1765 692 1849 747 modo
1863 691 1953 749 deliniri

1159 793 1249 854 potest
1263 786 1327 855 quid
1344 787 1388 850 sit,
1408 795 1476 842 teste
1491 785 1623 857 Gregorio
1639 785 1785 857 theologo,
1804 784 1852 854 qui
1865 785 1896 841 de
1907 786 1954 843 tali·

1159 875 1211 930 bos
1224 875 1352 945 disputat,
1366 892 1448 946 agens
1460 877 1602 931 attiemnm
1623 889 1683 941 eos,
1697 875 1750 947 qui
1774 884 1884 949 negarat,
1901 874 1953 933 ier·

1159 965 1223 1019 bum
1238 964 1285 1019 liei
1300 965 1525 1034 superessentiale
1545 966 1567 998 ¹⁰
1588 980 1660 1032 esse,
1681 965 1886 1023 contendentes
1903 965 1954 1023 ilat

1159 1054 1187 1108 in
1209 1052 1298 1122 aliqua
1317 1054 1468 1108 substantia
1489 1054 1662 1121 concludere,
1672 1055 1849 1141 Quae
1863 1072 1953 1113 tmuso-

1158 1157 1209 1212 per
1223 1143 1314 1196 omnm
1328 1158 1400 1208 esse,
1424 1143 1471 1197 sed
1491 1144 1518 1199 in
1538 1159 1654 1199 numero
1667 1145 1801 1201 oirininm
1828 1145 1953 1211 contineri,

1159 1231 1283 1287 uolentes
1304 1233 1482 1288 substantiam
1496 1233 1556 1288 Filii
1569 1249 1585 1289 a
1596 1220 1758 1290 substantia
1772 1234 1863 1293 Patris
1876 1226 1952 1309 segre·¹

1159 1333 1233 1390 gare.
1253 1318 1346 1391 ltaque
1365 1322 1434 1377 sient
1448 1322 1536 1377 diuina
1557 1323 1692 1388 essentia,
1720 1324 1759 1379 ad
1782 1322 1860 1395 cujus
1878 1324 1953 1399 imagi

1159 1427 1220 1466 nem
1241 1411 1311 1466 iacta
1326 1424 1378 1477 est,
1393 1413 1496 1468 infinita
1512 1423 1568 1480 est,
1581 1414 1618 1469 ita
1633 1414 1680 1469 illa
1696 1415 1824 1472 humana
1840 1418 1953 1473 subsitu-

1160 1505 1198 1563 tio
1210 1506 1282 1562 nulio
1297 1507 1436 1562 certesiae
1456 1509 1618 1563 terminatur
1631 1525 1639 1577 ;
1654 1524 1690 1565 ex
1708 1508 1758 1565 his
1780 1520 1881 1579 autem,
1900 1526 1953 1587 quae

1160 1596 1231 1653 circa
1253 1613 1312 1653 earu
1330 1597 1526 1669 intelliguntur,
1542 1599 1594 1653 hoe
1613 1608 1657 1654 est
1682 1600 1873 1671 temtporibus,
1892 1600 1964 1669 loos,-

1161 1687 1330 1751 differentiis,
1347 1688 1566 1760 proprietatibus,
1592 1690 1815 1761 quantitatibus,
1839 1692 1953 1767 qualitati,-

306 1790 382 1845 dnn.
401 1788 431 1842 tn
453 1786 496 1842 tite
517 1784 590 1843 onim
613 1784 738 1841 oiinmns
760 1783 822 1837 nom
849 1782 995 1837 intumum
1017 1794 1110 1838 nram
1125 1771 1150 1832 B
1165 1778 1226 1844 uns,
1240 1778 1424 1843 relationibus,
1438 1776 1654 1845 habitudinibus.
1672 1782 1874 1855 positionibus,
1887 1772 1952 1855 aeid

305 1877 416 1950 neque⁸
431 1877 521 1933 sensui
545 1876 708 1940 succumbit,
729 1891 779 1930 nee
801 1891 815 1928 a
839 1875 927 1945 seipsa
952 1873 1111 1944 intelligitur·
1163 1868 1252 1933 nibus,
1268 1869 1438 1936 passionibus
1453 1869 1621 1924 solummodo
1637 1868 1951 1945 intelligentemque

306 1968 371 2039 quid
383 1969 428 2022 sit.
452 1969 524 2022 lltsc.
540 1965 609 2033 Quid
622 1965 1108 2036 estergn,titrodjmnpridmndixisii,
1162 1968 1251 2012 alitem
1276 1960 1322 2023 sit,
1345 1976 1525 2030 tithnaqnam.
1546 1966 1636 2029 titique
1660 1959 1830 2017 {timedatur
1851 1962 1950 2035 intelligi,

305 2070 427 2117 utentem
440 2060 548 2129 quidem
562 2059 707 2111 humanam
723 2057 869 2119 tunionem,
885 2072 937 2126 qim
956 2070 984 2109 se
1007 2070 1107 2123 cogno·
1161 2051 1261 2106 rutilius
1285 2060 1426 2106 crediturae
1446 2051 1526 2105 aliam
1541 2050 1757 2107 subsistentiam
1778 2067 1850 2119 esse,
1865 2064 1951 2123 practer

305 2153 368 2219 seit,
382 2150 602 2222 etdisciplimnn,
621 2164 673 2216 qua
694 2148 809 2217 seipsam
836 2146 926 2210 discit,
950 2145 1059 2205 imitere,
1082 2152 1109 2197 et
1161 2144 1234 2198 illam
1251 2144 1392 2210 rationem,
1416 2146 1563 2200 secundum
1588 2147 1723 2216 quantia
1747 2146 1950 2218 primordialibus¹

305 2260 379 2301 nuue
392 2244 490 2298 iteruin
505 2256 620 2312 tteqttea
635 2240 734 2310 seipsa,
752 2255 839 2308 neque
854 2239 888 2289 alt
905 2237 957 2290 ralia
982 2244 1106 2289 creatura
1161 2234 1250 2289 causis
1265 2235 1291 2288 itt
1311 2233 1358 2287 uer
1375 2232 1463 2288 Verbo
1483 2233 1629 2290 substituta
1645 2244 1709 2303 est,
1728 2251 1765 2290 ac
1779 2253 1829 2309 per
1845 2237 1950 2294 honde

305 2336 426 2406 dignosci
446 2349 526 2404 posse
545 2331 668 2385 asseris?
692 2330 762 2384 llio.
778 2327 928 2395 Uti-niaque
941 2342 1033 2379 rernm
1047 2340 1108 2378 esse
1160 2324 1214 2380 niri
1229 2341 1280 2379 non
1294 2340 1373 2395 posse
1385 2325 1449 2395 cquid
1460 2325 1504 2390 sit,
1514 2325 1577 2396 quia
1589 2335 1703 2398 superat
1717 2344 1834 2385 outtrem
1849 2330 1949 2387 substa

305 2425 375 2479 ratio
386 2423 527 2493 perdocet:
537 2422 653 2473 leoniana
665 2418 798 2487 siqnidem
811 2432 886 2469 inens
896 2426 922 2469 ct
933 2417 1049 2483 seipsam
1062 2433 1108 2468 litl-

305 2515 356 2579 vit,
365 2522 392 2567 et
403 2513 519 2581 seipsam
538 2524 590 2562 non
606 2508 689 2562 norit.
702 2505 781 2560 liant
793 2508 901 2583 qai-idem
917 2509 978 2575 qnia
990 2517 1042 2570 cst,
1055 2521 1107 2560 non

307 2602 550 2687 Qittuorittquiil
559 2612 610 2655 est.
619 2600 794 2672 rbem-”bom
804 2609 834 2652 nt
846 2599 871 2653 in
884 2599 1019 2668 prioribus
1032 2598 1107 2652 libris

306 2678 459 2761 docuinam,
468 2694 583 2748 niaxitne
591 2692 679 2762 imago
687 2691 733 2744 liei
743 2705 802 2745 esse
814 2692 839 2745 in
851 2689 958 2745 liontine
966 2689 975 2719 ‘⁶
983 2689 1105 2742 doeemr.

306 2789 342 2848 bt
357 2787 429 2844 euim
442 2784 512 2840 Deris
523 2782 774 2853 conprehensibilis
790 2791 841 2845 cst,
856 2782 918 2834 dum
933 2796 967 2834 ea
982 2789 1106 2833 creatura

306 2881 440 2952 colligitur
453 2880 516 2949 quia
528 2885 580 2940 cst,
595 2891 621 2929 ct
634 2872 914 2944 incomprehensibi!ts
932 2881 984 2936 est,
1007 2872 1068 2941 qum
1090 2888 1106 2924 a

305 2974 380 3032 nullo
398 2972 535 3027 intellectu
559 2970 678 3024 immane
701 2964 744 3019 rei
768 2964 889 3035 angelico
913 2963 1105 3034 comprehendi

1161 2417 1251 2472 tialem
1268 2416 1463 2473 definitionem.
1483 2416 1615 2473 Definitur
1634 2427 1731 2476 autem
1756 2438 1809 2493 per
1831 2438 1894 2479 suas
1911 2425 1948 2480 eir·

1159 2513 1346 2579 enmstantias,
1374 2527 1443 2583 quac
1469 2512 1519 2567 sibi
1537 2514 1675 2583 accidunt,
1705 2517 1736 2572 in
1763 2520 1884 2591 speeiem
1904 2536 1948 2593 pro·

1159 2603 1245 2673 priam
1275 2603 1296 2635 ¹¹
1322 2617 1371 2674 per
1388 2602 1589 2674 generationem
1612 2620 1660 2660 seu
1694 2605 1896 2683 intelligibilem
1915 2628 1947 2667 set

1158 2693 1312 2749 sensibilem
1339 2691 1510 2765 proveniens.

1192 2786 1218 2842 8.
1237 2785 1311 2842 lltse.
1328 2785 1480 2841 Humanam
1491 2787 1696 2863 angelicamque
1704 2801 1838 2849 tratriram
1848 2805 1947 2851 autcar-

1157 2879 1218 2934 dem
1241 2888 1287 2932 ant
1309 2877 1461 2933 simillimas
1482 2894 1554 2945 csse,
1582 2889 1608 2935 et
1633 2880 1728 2936 (lirina
1757 2880 1943 2957 Scripturas

1158 2969 1214 3039 ipsa
1235 2969 1304 3022 ratio
1322 2966 1454 3037 perbibet.
1475 2965 1541 3021 Nam
1554 2978 1582 3023 et
1594 2970 1676 3025 hortm
1689 2980 1721 3025 et
1734 2972 1853 3047 attgelus
1864 2974 1938 3030 intelle

305 3073 394 3138 potest
419 3062 483 3134 qnid
499 3059 534 3115 sit
548 3058 570 3124 ⁶,
584 3074 633 3112 nee
653 3073 668 3110 a
689 3055 789 3125 scipso,
805 3055 868 3125 qnia
889 3069 941 3108 non
965 3061 1008 3107 est
1029 3053 1103 3123 quad,
1156 3057 1255 3114 croadis
1273 3066 1300 3111 et
1322 3055 1462 3113 rationalis
1476 3066 1603 3113 creatura
1625 3059 1741 3126 dicitur,
1761 3072 1791 3117 et
1815 3074 1867 3121 est.
1885 3066 1944 3121 Etsi

307 3155 405 3225 quippe
417 3149 652 3221 supteressentialis
665 3165 671 3200 :
686 3148 723 3202 ita
743 3147 877 3200 lmmanae
891 3145 974 3199 nteiiti
990 3144 1042 3198 lroe
1061 3159 1104 3198 so·
1119 3126 1142 3190 G
1158 3149 1194 3205 ita
1217 3150 1327 3205 sibimet
1341 3147 1515 3217 corineniunt,
1535 3163 1589 3207 non
1610 3150 1756 3209 innuerito
1768 3157 1944 3227 quaerendum,

307 3246 363 3302 lum
383 3245 462 3299 datur
488 3255 578 3305 ”Osset
605 3255 635 3295 δι’
661 3252 731 3303 θδθθι
759 3236 823 3308 qnid
848 3245 937 3290 {tillem
962 3235 1008 3300 sit,
1032 3234 1106 3288 titillo
1157 3242 1482 3313 qnareomniscreatnra
1497 3242 1649 3298 indumine
1665 3256 1764 3301 creata
1779 3246 1889 3321 iegitur,
1906 3264 1944 3309 ima

307 3337 389 3395 ruodo
402 3335 427 3392 ei
442 3333 615 3398 conceditur;
626 3340 654 3385 et
667 3331 738 3402 quod
752 3339 794 3385 est
807 3328 967 3394 mirabilius,
978 3336 1005 3382 et
1018 3328 1106 3382 cortsi·
1157 3340 1248 3386 autem
1262 3330 1288 3385 in
1303 3328 1409 3399 angelo.
1421 3328 1491 3387 itin
1505 3328 1563 3386 Nou
1574 3332 1633 3387 sine
1644 3347 1741 3399 carisa,
1758 3346 1790 3392 ut
1800 3326 1903 3408 opinor.
1913 3339 1944 3395 Si·

309 3427 468 3486 derantibus
492 3425 595 3497 seipsos
612 3432 640 3479 ct
660 3422 744 3477 Derim
760 3422 770 3453 ⁸
786 3438 864 3477 suum
883 3421 1032 3493 pnlclnius,
1047 3419 1107 3491 plus
1156 3420 1264 3489 quidem
1279 3418 1400 3474 videmus
1427 3420 1454 3474 in
1469 3419 1578 3477 bomine
1599 3437 1652 3478 non
1674 3439 1827 3503 perpauca,
1850 3446 1913 3501 quae
1926 3431 1945 3485 it

309 3519 435 3575 laudatur
459 3532 535 3572 tricus
554 3516 671 3569 littinana
694 3513 720 3568 in
739 3528 786 3568 sua
803 3511 963 3581 ignorantia,
978 3525 1058 3579 ‹qttam
1078 3508 1106 3562 in
1158 3510 1251 3582 angelo
1275 3510 1435 3592 subsistere,
1455 3527 1506 3566 nee
1528 3512 1679 3569 auctoritas
1698 3516 1797 3584 tradit,
1821 3535 1872 3577 nec
1892 3522 1944 3575 ratio

309 3625 359 3670 sua
379 3609 501 3665 scientia.
520 3604 691 3660 Laudabilius
712 3616 828 3689 manuque
842 3602 867 3653 in
882 3616 913 3654 ea
933 3608 983 3659 est,
1007 3615 1037 3654 se
1059 3616 1106 3653 ne·
1157 3602 1289 3672 intelligit,
1305 3612 1334 3656 ιιι
1350 3605 1400 3656 boe
1422 3618 1520 3673 corpus
1540 3604 1669 3673 animale,
1692 3609 1770 3679 quod
1792 3612 1876 3668 etiam
1897 3622 1943 3667 aur

309 3703 380 3759 scire
398 3701 462 3772 quid
476 3701 521 3765 sit,
545 3715 624 3769 quami
646 3696 716 3752 scire
741 3693 803 3764 quia
825 3700 875 3758 est,
901 3692 971 3746 sicut
993 3691 1053 3761 plus
1079 3700 1106 3745 ct
1157 3700 1298 3761 peccatum
1312 3689 1447 3745 burnanac
1461 3691 1740 3764 animacadJnnctunt
1766 3697 1853 3757 inisse
1872 3702 1943 3757 ditior

309 3794 512 3853 convenientius
532 3791 649 3864 pertinet
665 3790 674 3820 ²
690 3789 723 3841 ad
736 3785 843 3840 diuinae
860 3792 974 3838 naturae
999 3783 1105 3837 laudem
1158 3781 1299 3851 Scriptura
1327 3789 1452 3846 testatur,
1477 3797 1624 3853 corporeus
1647 3800 1762 3858 quoque
1783 3791 1944 3865 quinqueper-

308 3891 416 3964 negatio
441 3888 499 3958 ejiis
523 3888 533 3918 ⁸
558 3901 638 3956 qnam
663 3881 816 3946 allii-nenio,
840 3888 867 3934 et
888 3879 1035 3949 sapientius
1065 3887 1107 3932 cst
1158 3876 1223 3930 titus
1239 3889 1334 3929 sensus
1349 3874 1486 3942 exterior,
1501 3874 1646 3949 rerumque
1661 3883 1837 3940 sensibilium
1851 3888 1943 3958 platan·

309 3983 434 4054 ignorare
449 3980 612 4046 illamqnam
628 3991 716 4036 inesse,
731 3975 806 4042 enjus
821 3972 1049 4043 ignorantiarum
1065 3979 1107 4023 est
1157 3967 1223 4029 siae,
1244 3981 1313 4036 qnae
1338 3980 1386 4034 per
1410 3980 1472 4019 ettrn
1496 3966 1630 4024 hunranae
1654 3970 1767 4030 atrimae
1794 3976 1943 4053 ingeruntur,

310 4070 452 4142 sapientia,
477 4082 546 4137 quac
571 4066 665 4118 melius
690 4065 835 4119 nesciendo
859 4064 961 4128 scitur;
983 4061 1106 4131 Apmtis·
1158 4055 1375 4110 rrllibcitltlliffltis
1395 4056 1541 4125 qiroqneln
1557 4057 1730 4128 inquirendis
1749 4079 1845 4121 rerum
1859 4068 1943 4124 pamfli

311 4160 379 4217 aime
396 4173 460 4229 ergo
475 4156 565 4212 diuina
590 4155 737 4207 sitnilitttdo
764 4158 790 4207 in
816 4154 932 4207 lmntana
951 4163 1041 4206 niente
1066 4151 1107 4206 di·
1157 4146 1294 4217 perplexio
1310 4160 1471 4215 morosaque
1485 4146 1636 4213 dilllcultas,
1651 4149 1677 4205 in
1688 4151 1943 4216 discernendisitrtt

311 4252 459 4325 gnoscitur,
474 4249 536 4303 dum
552 4245 719 4300 solummodo
733 4258 794 4298 esse
814 4242 912 4308 scitur;
935 4243 999 4313 qnid
1015 4252 1106 4297 arment
1157 4240 1303 4294 virtutibus
1320 4247 1348 4294 et
1363 4238 1433 4294 vitiis
1450 4240 1587 4294 laboriosa
1605 4241 1730 4311 solertia,
1747 4249 1943 4325 plurimaqoeii

310 4354 363 4412 est,
379 4342 565 4409 nassitanae
580 4348 609 4393 ut
629 4338 665 4392 ita
685 4336 783 4403 dicam,
801 4344 913 4407 negamr
935 4334 962 4390 in
988 4348 1019 4389 ea
1042 4334 1106 4405 quid
1158 4344 1251 4400 genus.
1264 4327 1311 4383 llis
1326 4328 1398 4383 euim
1416 4330 1701 4402 erunibusangelicam
1713 4342 1867 4397 essentiam
1879 4344 1943 4399 ¹⁸0-

309 4450 380 4501 esse,
394 4432 544 4488 alib-matur
563 4427 731 4483 solummodo
751 4442 821 4482 esse.
847 4423 902 4480 Nec
928 4425 979 4480 ltoe
1002 4426 1106 4480 ratione
1158 4436 1219 4478 rere
1230 4422 1410 4492 perspicuum,
1424 4429 1943 4492 ettameunatnraereruminesseoent

309 4537 399 4583 vacat.
426 4523 455 4580 Si
480 4523 551 4579 cnim
576 4530 784 4593 cognosceretur
807 4519 934 4590 quiddam
957 4534 1026 4584 esse,
1053 4519 1105 4574 cir·
1158 4522 1232 4568 recte
1247 4510 1409 4580 sapientium
1428 4511 1944 4599 abnegarit.Quamvisrideaturdugt-

311 4618 474 4687 euutscripta
488 4613 609 4686 proiecto
620 4614 645 4667 in
661 4614 751 4682 aliquo
763 4620 853 4676 esset,
868 4624 900 4665 ae
913 4625 961 4680 per
973 4610 1024 4665 line
1037 4610 1105 4664 ima-
1157 4603 1244 4657 siinus
1258 4601 1359 4655 sentire
1372 4601 1482 4671 angelos
1501 4601 1523 4634 ¹⁸
1539 4601 1666 4661 docuisse
1681 4606 1707 4660 in
1721 4622 1826 4670 oetaro
1839 4614 1861 4648 ¹⁸
1872 4614 1944 4672 deii·

311 4710 402 4781 ginem
417 4706 457 4760 sui
476 4705 611 4760 creatoris
629 4719 681 4758 non
698 4703 808 4757 oinnino
831 4701 858 4756 iu
879 4716 908 4756 se
929 4700 1105 4769 exprimeret,
1158 4693 1308 4758 illecebri,
1324 4694 1438 4764 septimo
1455 4693 1477 4725 ¹⁸
1489 4695 1618 4765 capitulo,
1633 4695 1679 4752 ubi
1696 4715 1864 4775 magnorum
1875 4708 1944 4782 plis·

312 4797 359 4865 qui
381 4795 491 4850 omniuo
509 4792 756 4863 incircumscriptus
771 4800 827 4857 est,
843 4800 870 4847 et
884 4791 911 4844 in
931 4788 1003 4844 trullo
1026 4789 1105 4843 intel·
1159 4791 1304 4862 sopitorum
1320 4790 1555 4859 contemplationis
1578 4791 1708 4849 virtutem
1737 4798 1846 4870 iaudat,
1859 4804 1899 4877 qui
1915 4802 1943 4855 ri

313 4884 414 4957 ugitur·,
430 4882 493 4951 quia
508 4880 628 4934 intimus
639 4891 680 4935 est
690 4881 713 4946 ⁹,
727 4897 808 4952 snper
822 4895 912 4946 otrtnc,
927 4883 998 4950 quod
1009 4879 1107 4934 dicitur
1160 4889 1253 4941 derunt
1269 4900 1371 4938 omnent
1385 4885 1494 4947 speciem
1510 4882 1536 4936 in
1552 4900 1578 4939 re
1589 4902 1751 4960 quocunque
1762 4896 1892 4962 motabili,
1903 4911 1942 4967 qu

312 4972 522 5044 etiutclligitur,
536 4972 779 5040 superessentialis.
791 4972 863 5025 llrse.
878 4971 1018 5038 Quomodo
1028 4971 1109 5042 igitur
1158 4989 1207 5042 est,
1222 4974 1347 5048 quicquid
1359 4973 1425 5028 iliud
1439 4984 1476 5028 eat
1493 4972 1526 5040 ¹⁸,
1538 4981 1722 5049 quoquomodo
1735 4993 1763 5038 et
1774 4987 1943 5059 quatientia

313 5050 402 5124 omnis
424 5070 548 5120 ereatura
573 5063 600 5115 in
626 5063 720 5117 notitia
746 5064 863 5117 iaoiriinis
883 5064 954 5116 laeta
973 5074 1024 5129 est,
1039 5081 1108 5134 cquae
1158 5076 1253 5122 notura
1272 5074 1325 5133 eat,
1345 5081 1396 5119 non
1412 5081 1466 5119 ease
1484 5081 1570 5134 poam,
1591 5066 1643 5120 oiri
1666 5069 1700 5122 ai
1721 5071 1773 5129 iiio
1785 5078 1833 5150 qni
1847 5088 1942 5141 rerem,

313 5150 364 5216 r'tee
383 5155 499 5225 seipsam
521 5152 659 5224 cognoscit
672 5152 737 5221 qnid
755 5151 800 5217 sit,
824 5160 852 5205 et
869 5151 921 5206 boc
943 5168 991 5222 pro
1011 5169 1109 5225 triagna
1156 5162 1219 5232 qaia
1235 5158 1483 5214 incommutabiliter
1497 5160 1518 5190 ¹⁷
1532 5167 1579 5213 eet.
1592 5159 1629 5214 de
1639 5178 1688 5231 per
1711 5165 1835 5228 bocaico
1851 5170 1943 5228 ιιιίιιιιί

313 5240 484 5323 laudeipsius
494 5247 636 5319 accipitur,
646 5261 712 5316 prae
725 5245 1031 5312 nitniasuiexeelientia,
1043 5248 1106 5303 dum
1156 5249 1249 5304 ouandi
1261 5265 1365 5319 corpas,
1381 5248 1492 5319 tigerus,
1510 5248 1667 5320 qrioiiroter,
1685 5256 1940 5335 ordinationenem

940 5359 1067 5419 tautae
1085 5363 1287 5426 terriones.

297 5460 299 5465 ¹
350 5480 421 5540 rcF
439 5479 677 5552 effugiteonditam
694 5477 861 5532 intellectum.
899 5476 1039 5547 ’sicem
1056 5498 1105 5552 pro
1126 5483 1218 5607 arrigit
1238 5496 1384 5605 Kerquom
1408 5477 1555 5548 Apotiens.
1594 5480 1749 5554 ‘siecr3
1772 5491 1794 5545 Α
1815 5505 1943 5567 creatoque.

313 5551 734 5621 isicil&iia‘ialtomineeese.
783 5547 1027 5613 'SioCF;Aest.
1066 5554 1141 5609 ⁸Sic
1161 5553 1217 5615 C';
1273 5550 1427 5603 tiotrtiniatm.
1464 5548 1617 5615 'Sier';
1645 5553 1835 5625 doctrinam,
1871 5565 1946 5633 ‘cist

312 5642 366 5684 om.
384 5628 417 5680 Α.
456 5623 528 5679 'Sic
546 5621 603 5687 CF;
626 5631 663 5675 est
686 5636 739 5675 ont.
759 5620 791 5673 Α.
836 5620 858 5650 ¹⁰
877 5620 899 5672 t
921 5624 1170 5690 stipercseentinlem.
1209 5623 1230 5654 ¹¹
1248 5622 1293 5675 Sic
1310 5620 1370 5685 CF,
1402 5620 1473 5673 Ain
1493 5621 1575 5685 specie
1592 5625 1712 5691 propriu.
1754 5632 1863 5690 ”Aa
1908 5637 1946 5689 q„

313 5698 433 5751 ceminio.
472 5690 815 5761 ¹³SieCl';doitqeiicos.
866 5691 1296 5755 “slew:tliittomoctann
1336 5691 1358 5721 ¹⁵
1375 5689 1421 5744 Sic
1439 5689 1632 5755 Cl';1lserto.
1670 5692 1871 5775 “Pomm
1927 5712 1948 5761 η

311 5776 414 5822 maon
427 5767 569 5840 specim...
591 5764 657 5820 iliad
674 5772 710 5819 est
725 5762 767 5820 CF
778 5762 823 5832 qui
836 5773 953 5818 osscrnm
968 5763 1158 5835 quoquomodo
1171 5772 1224 5820 cet.
1262 5761 1314 5814 ¹⁷ll
1330 5759 1613 5816 incommunicabiliter.
