3984 6534
324 367 397 432 Π87
967 317 975 332 =
1019 367 1160 427 tottttvts
1180 367 1278 426 SCO'l’i
1905 370 1957 428 llil

321 490 418 557 debis,
448 503 510 543 vera
534 489 607 543 enim
629 487 727 544 dicam.
752 485 823 542 lium
850 499 937 543 essem
971 484 1116 559 aliqnando
1130 494 1154 554 Α
1168 486 1301 551 nolentes,
1315 487 1446 557 quaedam
1460 501 1529 542 vero
1552 483 1730 549 rolerrtes,a
1743 481 1957 557 melopostpme

319 579 396 653 insta
411 577 530 645 Cretam,
547 586 657 635 sanetus
671 579 821 634 introduxit
843 592 886 635 me
903 576 1018 649 Carpus,
1033 579 1074 633 vir
1089 589 1116 634 et
1168 578 1222 632 vim
1248 577 1377 633 facientes
1393 577 1516 633 simulet
1539 576 1771 646 interrogantes.
1799 573 1867 629 [lixit
1891 586 1958 634 auten

320 672 344 729 vi
359 673 421 745 quis
430 671 510 737 alius,
519 686 567 742 per
580 670 691 725 mrtltam
704 671 850 743 puritatem
866 671 950 726 animi
966 672 999 727 ad
1010 671 1116 726 divinas
1169 669 1286 741 Carpus,
1301 671 1419 740 seipsum
1431 669 1564 726 delectari
1577 671 1721 724 deorsum
1734 667 1957 733 ridentemeoruu

320 763 440 820 visiones
464 763 541 819 valde
555 770 733 833 opportunus.
751 761 785 817 Et
796 763 904 833 quidem
917 776 1004 833 neque
1017 762 1118 818 sanctis
1168 775 1272 830 autem,
1283 779 1353 834 quae
1368 779 1484 830 sursum,
1504 763 1656 836 negligere
1673 779 1681 814 :
1698 760 1840 832 indignari
1849 771 1925 817 autem
1940 775 1960 819 et

321 855 514 928 mysteriorum
539 852 681 910 sacrifieiis
704 832 939 919 cottihhthfs'nisi
963 853 1039 924 prius
1066 853 1115 924 ipsi
1168 853 1374 924 parvipendere,
1387 854 1450 926 qnia
1466 870 1521 909 non
1534 852 1711 908 ceciderunt
1722 851 1797 922 jam,
1812 862 1840 906 ct
1853 855 1888 907 rei
1900 857 1959 911 totis

321 947 470 1007 secundum
485 956 548 1002 ante
561 944 697 1017 perlectas
721 946 859 1000 orationes
875 959 969 1000 sacras
981 952 1009 999 et
1022 943 1114 1016 propi·
1168 944 1433 1016 superadjicientem,
1449 953 1476 1000 et
1490 961 1547 1001 non
1559 943 1712 998 ralcntem
1723 945 1889 1009 contristari,
1901 946 1958 1001 dla-

321 1040 409 1095 eiatas
421 1037 526 1097 'risione
537 1035 802 1107 supermanifestata.
814 1033 926 1090 Dicebat
942 1033 1039 1109 igitur),
1051 1047 1117 1089 con·
1169 1038 1257 1110 tigari.
1269 1038 1302 1093 Et
1313 1038 1500 1109 respicientem
1513 1037 1559 1093 vix
1571 1038 1678 1092 videre
1689 1036 1808 1106 quidem
1821 1035 1907 1093 iterun
1915 1054 1958 1095 ω.

321 1131 459 1187 tristatum
471 1144 500 1185 se
513 1127 657 1201 aliquando
680 1127 828 1184 infidelium
852 1126 978 1198 quodam.
996 1123 1116 1180 Tristitia
1167 1128 1235 1196 lmn,
1249 1129 1577 1200 sicnterpmrsvtdebat:
1593 1125 1699 1183 lesum
1710 1133 1809 1183 antem
1820 1128 1958 1186 miserenum

322 1233 412 1280 autern
426 1230 495 1287 erat,
511 1222 574 1293 qnia
596 1221 630 1276 ab
642 1220 763 1277 Ecclesia
786 1219 831 1276 ille
854 1220 989 1292 quendam
1015 1220 1115 1275 bonum
1167 1204 1244 1286 lacti,
1258 1235 1391 1293 exurgere
1414 1235 1497 1290 snper
1510 1219 1635 1275 caelesti
1660 1219 1781 1284 throno,
1806 1228 1833 1275 et
1847 1235 1958 1291 usqrees

321 1312 534 1381 sedariqadhnc
543 1310 621 1366 laetis
632 1310 800 1381 ipsistlichus
811 1309 1016 1365 cottsummatis.
1029 1307 1116 1378 0p0r·
1169 1310 1390 1378 descendentem,
1413 1328 1523 1368 manunt
1535 1312 1680 1383 optimam
1696 1322 1855 1384 praestare,
1865 1324 1956 1387 ctanqe

321 1406 397 1462 tebat
414 1416 560 1477 utrumque
577 1404 706 1460 divinitus
728 1401 973 1475 superglorificare.
990 1400 1117 1457 etheum
1167 1400 1209 1460 los
1223 1419 1284 1459 cum
1300 1406 1357 1476 ipso
1374 1405 1540 1475 accipientes
1554 1406 1648 1461 alium
1668 1404 1793 1463 aliunde
1808 1408 1957 1478 reoepireari

322 1496 483 1554 salvatorem
499 1494 763 1566 conprehendentem
777 1493 964 1564 accipientem,
980 1505 1042 1546 euru
1057 1489 1117 1562 qui·
1169 1506 1225 1558 ros,
1237 1502 1264 1548 et
1275 1493 1565 1565 dicereCarpolesum
1584 1494 1770 1567 :Manujam
1783 1500 1956 1571 auteprteurd,

321 1587 382 1643 dem
407 1586 598 1653 convertisse,
627 1585 700 1641 hunc
723 1598 789 1641 roro
812 1584 936 1641 bonitate
955 1583 1067 1650 vicisse,
1087 1593 1117 1639 et
1168 1597 1314 1657 natapner
1337 1588 1484 1645 sceatttdmn
1509 1603 1554 1642 me
1582 1588 1754 1647 residuum.
1784 1587 1955 1648 Pantaenis

322 1696 377 1736 non
398 1678 551 1750 relinquere
575 1676 752 1741 admonitum,
781 1685 810 1732 et
831 1689 881 1747 per
902 1675 986 1730 ritam
1007 1688 1117 1730 omnem
1168 1691 1229 1735 rum
1255 1677 1353 1735 iterum
1380 1694 1431 1751 pro
1458 1678 1621 1736 hominibus
1657 1680 1839 1739 resalvandis
1863 1683 1955 1752 petiit

323 1769 512 1841 usquehodie,
536 1776 564 1823 ct
577 1767 655 1823 sicin
670 1766 788 1823 divinam
802 1781 850 1823 eos
871 1766 971 1822 ducere
986 1764 1118 1836 cognitio·
1168 1767 1320 1827 adamabile
1342 1770 1408 1827 mihi
1439 1772 1508 1838 hoc,
1534 1787 1593 1828 non
1624 1771 1693 1829 aliis
1725 1775 1898 1847 peccantibus
1922 1778 1955 1833 lr-

323 1857 640 1929 nern,tanquamjamet
651 1866 756 1914 certum
767 1856 910 1914 exstinctis
920 1854 1117 1927 ipsisjmllcatis
1133 1859 1298 1929 ssnrinihns.
1323 1861 1515 1921 Verumtamen
1540 1863 1631 1930 vide,
1658 1865 1683 1921 si
1722 1865 1799 1923 bene
1829 1867 1953 1924 baberet

322 1960 351 2009 et
372 1949 602 2007 irrationabilium
627 1949 764 2005 ierocibus
785 1949 813 2004 in
845 1948 905 2021 lege
929 1947 1003 2018 justa
1024 1961 1119 2019 sapere
1142 2006 1149 2025 4,
1168 1951 1206 2018 hi,
1218 1953 1246 2006 in
1257 1928 1516 2011 ctasuiar're‘e‘r‘cinss
1522 1955 1714 2029 serpentibus
1733 1959 1953 2015 mansionenot*

323 2045 437 2101 coactis.
452 2042 505 2100 Sed
520 2043 546 2098 in
561 2042 650 2113 seipso
665 2057 719 2098 non
734 2041 809 2111 prius
822 2041 875 2097 hoc
889 2043 1006 2113 patiens,
1028 2039 1119 2094 nescio
1140 2046 1145 2091 ἑ
1169 2049 1275 2099 mutare
1289 2053 1299 2084 ¹
1312 2043 1380 2113 ejus,
1403 2060 1473 2117 quae
1497 2053 1540 2101 est
1556 2060 1626 2103 cnm
1650 2047 1716 2105 Deo
1732 2057 1764 2104 et
1779 2050 1954 2120 optimisetle

324 2139 460 2211 quomodo
468 2145 531 2191 tunc
539 2134 793 2204 ntultamqnandatn
802 2131 1002 2188 inclementiam
1015 2140 1119 2185 etarna·
1169 2136 1259 2192 manis
1280 2136 1416 2206 'angelis
1437 2136 1512 2194 Haeo
1523 2148 1603 2207 sunt,
1619 2122 1698 2210 emme¹
1713 2156 1772 2215 ῳ
1782 2143 1954 2200 ,adimes

322 2228 471 2285 ritudinem
488 2227 621 2293 intexens,
641 2223 791 2280 inllrmatus
807 2230 849 2278 est
863 2222 972 2292 quidem
991 2221 1032 2276 sie
1050 2218 1120 2275 tnale
1168 2240 1234 2282 rem
1248 2242 1320 2283 esse.

324 2318 437 2374 habens.
460 2315 578 2387 Vespera
606 2315 679 2372 enirn
705 2322 776 2369 erat.
802 2312 882 2369 Circa
903 2321 994 2367 autem
1015 2312 1119 2367 medias
1543 2298 1592 2355 ΙΧ·

323 2420 428 2473 noctes,
455 2407 562 2464 solebat
574 2407 646 2462 enirn
661 2407 690 2462 io
705 2406 756 2462 hoe
776 2415 881 2476 ternpus
903 2405 961 2476 ipse
977 2419 1011 2460 et
1028 2405 1118 2474 seipso
1171 2410 1230 2471 Tiro
1243 2413 1363 2482 pontefice
1384 2413 1584 2485 mmmmm
1598 2432 1653 2487 p„
1675 2417 1839 2487 mum,
1862 2434 1916 2490 Μ
1927 2434 1954 2473 9

323 2500 358 2557 ad
370 2500 476 2555 divinas
491 2498 586 2552 laudes
610 2496 748 2569 evigilare,
774 2497 860 2567 surqit
882 2497 1003 2567 quidem,
1030 2511 1118 2567 neque
1203 2483 1316 2555 pientiae
1330 2484 1436 2550 dmm.
1448 2485 1506 2555 ‘illi‘
1526 2495 1630 2552 “aleis
1651 2497 1676 2542 ⁶⁸
1692 2490 1746 2560 Μ
1761 2488 1814 2543 ΰΙῊ
1826 2501 1849 2544 0⁸
1864 2500 1932 2561 Wi-

324 2588 427 2645 somnis
447 2587 472 2644 ei
484 2588 598 2642 multum
609 2586 799 2651 existentibus,
816 2594 845 2640 et
857 2600 966 2657 semper
978 2583 1118 2642 nllerrden·
1205 2598 1324 2655 gamm,
1349 2598 1457 2671 (puppem
1472 2597 1689 2667 'pqmoqqeqs'o
1714 2601 1793 2658 pone
1808 2603 1875 2671 m,
1891 2604 1955 2658 m

325 2683 392 2738 tium
401 2681 574 2738 extrinsecus
585 2679 790 2751 perturbatione
800 2677 914 2735 abutens
924 2697 931 2734 ι
940 2687 1015 2737 stans
1027 2689 1118 2737 tamen
1169 2703 1203 2745 an
1215 2688 1278 2761 qnid
1293 2689 1462 2763 cognitorum
1474 2691 1539 2748 mihi
1552 2693 1793 2767 theologicorum
1807 2696 1954 2770 spumen-

324 2774 353 2831 in
374 2771 495 2829 divinum
516 2771 691 2843 colloquium,
707 2787 761 2827 non
783 2780 858 2829 reete
872 2770 1059 2840 lrenatusest,
1073 2773 1114 2829 in·
1168 2781 1282 2837 recessit
1311 2781 1478 2853 relinquens.
1506 2780 1566 2840 'Sed
1594 2784 1627 2839 in
1662 2787 1827 2859 syrrrbnlica
1856 2787 1954 2859 summa

324 2865 451 2937 diguatus
471 2873 529 2928 est,
555 2877 610 2917 non
632 2877 694 2918 esse
713 2861 817 2931 iustum
832 2861 939 2928 dicens,
954 2861 976 2917 si
997 2862 1118 2918 viverent
1167 2869 1436 2938 bmediscrerimns,
1448 2870 1740 2945 omnescloquiornm
1754 2878 1791 2934 de
1803 2877 1955 2936 bessam

323 2954 376 3012 tiri
396 2955 482 3027 impii,
497 2963 526 3011 el
544 2955 734 3011 subvertentes
745 2955 804 3009 Vidi
825 2953 931 3011 Dorttiui
944 2954 1119 3033 recin-il
1169 2962 1257 3018 tiones
1274 2976 1335 3019 esse
1358 2962 1450 3019 multis
1462 2971 1672 3023 mopsppuosas,
1697 2967 1826 3047 Q
1846 2970 1872 3027 pn
1889 2983 1955 3027 m

324 3052 393 3133 hpee
421 3049 524 3119 diceus,
540 3047 618 3136 petiit
639 3050 648 3082 ¹
676 3047 843 3123 alienique
863 3046 979 3117 quodem
1008 3046 1116 3103 caelesti
1169 3056 1953 3135 que11qa,00nmmr„2mmemmenmqmffioeffl,

324 3141 466 3213 utriusque
485 3156 516 3199 m
542 3139 626 3196 semel
662 3138 911 3195 immisericorditer
946 3139 1117 3210 requiescere
1169 3145 1335 3213 animarum,
1358 3144 1577 3218 quandocunque
1608 3163 1745 3207 arcanae
1770 3153 1880 3225 sophiae
1892 3162 1953 3225 psus·

324 3233 404 3288 vitas.
419 3233 493 3289 haec
518 3245 609 3289 autem
632 3233 726 3291 dicens
740 3233 778 3288 ait
792 3242 902 3303 putasse
915 3233 1006 3289 videre
1027 3235 1118 3291 suhito
1131 3219 1154 3284 C
1169 3238 1362 3311 pmquaedarn
1375 3237 1479 3295 occulta
1506 3247 1536 3295 et
1547 3240 1672 3297 audacia
1698 3243 1864 3318 aenigmata
1875 3241 1955 3300 nate

325 3322 446 3390 tlonmnt,
461 3320 489 3378 ln
507 3338 560 3395 qua
574 3323 684 3396 quidem
697 3324 796 3391 stahat,
808 3338 970 3381 concussam
984 3326 1071 3394 prius,
1083 3341 1118 3383 ex
1169 3337 1244 3386 stant
1254 3329 1384 3397 divinam,
1399 3338 1428 3385 et
1439 3329 1596 3401 mysticam,
1608 3340 1640 3387 et
1655 3332 1773 3391 inviam
1786 3336 1953 3393 immendare

324 3386 397 3469 secio
424 3412 452 3468 in
474 3412 526 3468 duo
544 3410 633 3469 media
659 3412 785 3480 divisam,
803 3420 831 3470 et
856 3413 1000 3483 quemdam
1024 3430 1117 3487 rogum
1173 3419 1463 3523 ritatem.1:yQa
1488 3424 1708 3482 „messuimus
1731 3428 1817 3485 mum
1840 3428 1872 3485 q,
1887 3428 1953 3483 pes,

325 3504 427 3561 multae
449 3503 516 3561 lncis
540 3505 568 3559 in
590 3515 735 3575 conspectu
751 3520 812 3573 suo,
824 3516 852 3560 et
866 3505 956 3571 talem,
977 3507 1119 3563 videbatur
1169 3510 1307 3583 mysteriis
1317 3511 1476 3567 rationibus.
1494 3510 1743 3584 Contemplemur
1755 3520 1832 3575 eninr
1843 3519 1953 3576 wrm

325 3595 397 3654 enim
416 3603 535 3652 ceterum
549 3596 599 3652 sub
613 3597 723 3651 aethere
734 3595 820 3663 locus,
835 3613 869 3652 ex
877 3597 988 3653 caelesti
1008 3601 1119 3672 regione
1169 3600 1204 3656 do
1216 3617 1247 3657 ea
1261 3616 1323 3656 curn
1337 3600 1561 3657 connaturalibus
1575 3604 1665 3662 nobis
1683 3609 1869 3666 sensibilibus
1879 3607 1954 3681 serbe

325 3690 451 3764 usquead
466 3704 496 3746 se
510 3689 727 3755 descendentem,
736 3689 839 3744 caelum
850 3699 940 3747 autem
948 3691 1033 3761 ipsum
1043 3692 1120 3748 reita·
1169 3690 1213 3749 lis.
1227 3689 1340 3761 Oportet
1355 3701 1444 3747 antem
1459 3698 1636 3751 sternentes
1652 3711 1687 3751 ca
1720 3700 1752 3754 in
1771 3702 1953 3773 semetipsism

325 3795 419 3854 grans,
445 3789 473 3835 et
488 3780 514 3834 in
530 3779 611 3834 dorso
622 3778 688 3834 caeli
703 3779 790 3851 ipsum
804 3778 896 3836 iesum
912 3779 1005 3836 multis
1023 3782 1119 3836 huma·
1169 3783 1242 3839 dact
1256 3799 1322 3852 pura
1336 3783 1407 3838 iacta
1421 3785 1522 3838 ridere.
1537 3784 1583 3841 Sic
1595 3788 1678 3843 cnina
1695 3791 1727 3846 in
1744 3792 1953 3866 contemplantis

324 3871 479 3930 triformiter
500 3870 549 3942 ipsi
564 3870 732 3939 adstantibus
747 3870 860 3943 angelis.
875 3870 909 3925 Et
926 3872 1119 3965 haec-“quidem
1170 3877 1309 3946 aperirent
1321 3877 1331 3908 ⁸
1344 3877 1452 3947 quidem
1473 3875 1576 3933 iontem
1593 3880 1675 3938 vitae
1696 3883 1730 3939 in
1748 3888 1868 3959 scipsum
1881 3885 1951 3948 lusus

306 3967 425 4023 'vidisse
446 3967 638 4032 desursnm,ot
657 3981 687 4021 se
706 3965 809 4023 mirari.
835 3942 1050 4023 ileo-rsffivero
1077 3969 1118 4022 in-
1169 3974 1197 4022 et
1213 3967 1239 4021 in
1264 3967 1353 4038 seipso
1378 3977 1495 4022 stantem
1520 3967 1667 4036 ridentes,
1684 3984 1718 4031 et
1742 3984 1828 4033 tubam
1850 3977 1951 4048 quarta·

325 4078 442 4121 curvans
464 4061 569 4130 Carpus
585 4078 591 4113 :
609 4059 747 4125 Videbam,
773 4059 871 4130 inquit,
885 4070 912 4114 et
928 4068 1027 4114 terrant
1054 4075 1118 4128 pro·

325 4154 448 4213 tundam.
475 4150 531 4206 lloc
545 4150 578 4204 ad
594 4150 733 4204 tristitiam
750 4160 791 4204 est
805 4150 925 4211 chasma,
952 4160 980 4205 et
996 4152 1119 4207 tenebro-

325 4259 386 4303 sum
400 4252 566 4314 separatum,
581 4249 609 4294 et
620 4239 728 4311 quidem
738 4239 812 4294 viros
825 4238 895 4305 illos,
910 4240 1007 4310 quibus
1017 4241 1120 4296 ealnm-

326 4336 463 4400 uiabatur,
489 4341 552 4387 ante
567 4332 601 4386 ab
616 4330 675 4401 ipso
688 4330 765 4398 jnrta
778 4327 903 4385 ostiolum
918 4331 1028 4387 stetisse
1040 4333 1120 4387 chas-

327 4435 408 4493 matis
418 4429 607 4493 subtremulos,
620 4428 746 4491 miseros,
761 4435 863 4480 tantum
877 4425 995 4482 nondum
1010 4426 1119 4483 deseen-

326 4525 422 4584 dentes
441 4537 456 4576 a
472 4520 641 4592 propriorum
669 4518 766 4587 pedum
788 4516 972 4571 instabilitate.
987 4516 1118 4573 beor-sum

1169 4059 1309 4126 virtutem,
1324 4060 1458 4129 simplam,
1472 4075 1520 4130 per
1531 4062 1657 4131 seipsam
1670 4074 1796 4137 molam,
1811 4088 1857 4142 per
1866 4073 1951 4141 seipsas

1169 4163 1337 4225 operantem,
1352 4154 1469 4223 seipsam
1490 4169 1543 4207 non
1557 4156 1765 4231 deserentem,
1781 4167 1830 4221 scd
1844 4163 1951 4221 selemias

1170 4246 1290 4301 omnium
1313 4246 1486 4300 scientiarum
1512 4247 1746 4320 subsistentem,
1773 4268 1803 4312 et
1817 4269 1951 4329 semporptt

1170 4337 1285 4405 seipsam
1305 4335 1540 4405 mrstcmplantcrn.
1567 4336 1715 4408 Oporterc
1741 4347 1828 4419 igitur
1844 4359 1871 4403 et
1888 4349 1951 4417 ipritt

1169 4423 1230 4480 aliis
1247 4423 1317 4495 apud
1333 4440 1382 4480 nos
1404 4426 1620 4493 aestimationis,
1638 4418 1950 4510 quanTiiirYpossihihs·

1170 4526 1221 4584 set,
1233 4518 1363 4587 replicare
1380 4519 1524 4574 variabiles
1538 4520 1742 4584 tleiormitates
1757 4531 1795 4586 de
1810 4530 1949 4602 beosrutn

327 4626 417 4674 antem
443 4630 458 4669 a
473 4614 612 4669 chasmate
637 4617 776 4679 serpentes
791 4620 896 4679 repere,
908 4617 936 4662 et
948 4610 1020 4663 eirca
1036 4611 1118 4679 pedes
1134 4588 1158 4648 Ι)
1173 4609 1241 4665 lirae
1255 4623 1349 4665 sacrae
1365 4608 1548 4691 figurationis.
1556 4610 1640 4679 Quod
1654 4617 1736 4674 eninr
1751 4633 1832 4677 extra
1852 4638 1903 4676 ean
1915 4621 1948 4674 hs

326 4722 421 4765 eornm
432 4704 595 4776 suppositos,
604 4701 748 4772 aliquando
762 4698 870 4770 quidem
883 4698 1030 4765 retrahere,
1044 4701 1118 4755 invo-

326 4796 398 4852 lutos
422 4794 501 4850 simul
521 4802 546 4847 et
562 4797 739 4861 aggravantes
759 4797 786 4845 et
802 4789 949 4853 trahentes,
973 4789 1118 4859 aliquando

327 4901 416 4947 autem
431 4888 556 4943 dentibus
570 4895 615 4940 ant
635 4885 733 4956 palatis
748 4892 939 4948 tumescentes,
956 4892 1004 4939 aut
1021 4886 1119 4939 subur-

327 4990 432 5054 gentes,
445 4986 472 5032 et
485 4991 591 5046 semper
608 4977 635 5032 in
654 4975 790 5029 tristitiam
802 4974 949 5030 immittere
959 4976 1117 5031 machinan-

329 5083 378 5129 tes.
407 5071 472 5126 Essc
498 5076 586 5123 antem
605 5075 632 5120 et
655 5067 728 5119 viros
751 5066 881 5134 quosdam
901 5065 927 5119 in
952 5066 1115 5122 mediorum

326 5162 507 5235 serpentibus,
524 5166 616 5215 contra
630 5158 704 5212 viros
723 5155 935 5226 superadjectos,
961 5168 1117 5215 cernennen-

327 5267 368 5313 tes
378 5256 457 5313 simul
472 5264 499 5311 et
509 5253 695 5308 subvertentes
707 5257 734 5305 et
744 5248 936 5319 percutientes.
952 5248 1117 5308 Videbantur

326 5359 416 5404 autern
432 5362 493 5403 esse
514 5346 547 5401 ad
560 5342 778 5412 interrogandum
794 5339 843 5407 illi,
863 5343 993 5411 quaedem
1007 5346 1115 5415 quidem

1172 4702 1246 4760 ontni
1261 4702 1379 4773 repletur
1392 4699 1542 4757 incredibili
1554 4712 1582 4759 et
1596 4705 1750 4767 lietilormi
1767 4698 1948 4773 nienstrosltata

1172 4802 1265 4864 utpote
1279 4793 1306 4847 in
1322 4793 1540 4864 superessentiali
1553 4796 1670 4863 quidem
1684 4802 1787 4860 tiivina
1796 4807 1948 4877 generatione,

1170 4892 1294 4940 ventrem
1316 4880 1363 4937 liei
1387 4881 1564 4953 corporaliter
1584 4883 1677 4943 Deum
1706 4893 1867 4965 gignefflem
1888 4892 1948 4949 mr«.

1170 4972 1282 5038 mantis,
1302 4981 1329 5028 et
1342 4973 1455 5026 verbum
1479 4971 1506 5027 in
1519 4973 1581 5028 aera
1595 4976 1751 5047 proiusunt
1766 4999 1801 5042 ex
1814 4986 1890 5041 eorde
1899 4980 1946 5037 rirh

1169 5062 1319 5118 eructantis
1335 5063 1431 5132 ipsum,
1447 5071 1473 5117 et
1495 5063 1622 5134 spiritum
1636 5072 1818 5143 exspiratum
1831 5077 1948 5132 ansteus

1170 5153 1326 5217 scribentis,
1343 5163 1367 5209 et
1384 5154 1457 5207 sinus
1471 5154 1525 5210 Deo
1552 5156 1688 5218 secundos
1701 5168 1815 5235 gremio
1830 5177 1945 5238 pessum,

1169 5250 1254 5308 heum
1265 5249 1348 5305 hlium
1360 5247 1534 5336 corporaliter
1547 5251 1629 5310 nobis
1643 5252 1800 5331 tardantis,
1814 5274 1858 5320 arn
1866 5261 1945 5334 puna

1171 5346 1219 5403 tim
1234 5345 1302 5399 haec
1320 5342 1468 5414 hqurantis,
1484 5351 1511 5398 et
1524 5344 1642 5404 arbores
1655 5355 1796 5421 quasnam
1818 5367 1844 5413 οι
1859 5352 1943 5410 pqpoe·

985 5458 1111 5517 tuntuts
1134 5459 1333 5520 montosus,

364 5555 430 5610 ¹Bll
453 5552 525 5623 petit.
564 5548 632 5603 'ult
659 5549 912 5612 communientiooe,·
937 5550 957 5604 B
983 5556 1196 5610 commutatione.
1236 5555 1292 5608 ³et
1323 5553 1445 5609 dramonis
1468 5568 1523 5609 om.
1545 5551 1601 5609 tut.
1643 5560 1759 5620 ‘ludex
1787 5565 1846 5621 'lito
1863 5577 1938 5619 rme

328 5625 467 5682 secerdoti.
505 5620 576 5674 'uh
603 5629 767 5688 apparerent.

1083 5714 1185 5779 NOTA.

244 5814 249 5822 ’
343 5817 380 5849 0⁸
395 5807 455 5865 het.
469 5801 535 5863 ttttt.
