<?xml version="1.0" encoding="UTF-8"?>
<!DOCTYPE html PUBLIC "-//W3C//DTD XHTML 1.0 Transitional//EN"
    "http://www.w3.org/TR/xhtml1/DTD/xhtml1-transitional.dtd">
<html xmlns="http://www.w3.org/1999/xhtml" xml:lang="en" lang="en">
 <head>
  <title>
</title>
<meta http-equiv="Content-Type" content="text/html;charset=utf-8" />
  <meta name='ocr-system' content='tesseract 3.04.00' />
  <meta name='ocr-capabilities' content='ocr_page ocr_carea ocr_par ocr_line ocrx_word'/>
</head>
<body>
  <div class='ocr_page' id='page_1' title='image "./operaquaesupers00flosgoog_0198.png"; bbox 0 0 3984 6534; ppageno 0'>
   <div class='ocr_carea' id='block_1_1' title="bbox 137 346 1090 408">
    <p class='ocr_par' dir='ltr' id='par_1_1' title="bbox 137 346 1090 408">
     <span class='ocr_line' id='line_1_1' title="bbox 137 346 1090 408; baseline -0.004 -1"><span class='ocrx_word' id='word_1_1' title='bbox 137 352 186 408; x_wconf 74' lang='lat' dir='ltr'><strong><em>idi!</em></strong></span> <span class='ocrx_word' id='word_1_2' title='bbox 547 353 552 361; x_wconf 87' lang='grc'><strong>“</strong></span> <span class='ocrx_word' id='word_1_3' title='bbox 584 353 589 361; x_wconf 87' lang='grc'><strong>’</strong></span> <span class='ocrx_word' id='word_1_4' title='bbox 832 347 973 404; x_wconf 76' lang='lat' dir='ltr'><strong><em>JOANNlS</em></strong></span> <span class='ocrx_word' id='word_1_5' title='bbox 992 346 1090 406; x_wconf 78' lang='lat' dir='ltr'><strong><em>scott</em></strong></span> 
     </span>
    </p>
   </div>
   <div class='ocr_carea' id='block_1_2' title="bbox 138 455 1364 624">
    <p class='ocr_par' dir='ltr' id='par_1_2' title="bbox 138 455 1364 624">
     <span class='ocr_line' id='line_1_2' title="bbox 138 455 1364 532; baseline -0.002 -17"><span class='ocrx_word' id='word_1_6' title='bbox 138 459 268 532; x_wconf 80' lang='lat' dir='ltr'><strong><em>inparuit,</em></strong></span> <span class='ocrx_word' id='word_1_7' title='bbox 283 459 328 512; x_wconf 87' lang='lat' dir='ltr'><strong><em>sed</em></strong></span> <span class='ocrx_word' id='word_1_8' title='bbox 342 456 468 512; x_wconf 77' lang='lat' dir='ltr'><strong><em>&#39;nnsihsn</em></strong></span> <span class='ocrx_word' id='word_1_9' title='bbox 484 469 572 508; x_wconf 87' lang='lat' dir='ltr'><strong><em>eorum</em></strong></span> <span class='ocrx_word' id='word_1_10' title='bbox 590 469 639 523; x_wconf 88' lang='lat' dir='ltr'><strong><em>pro</em></strong></span> <span class='ocrx_word' id='word_1_11' title='bbox 660 470 718 508; x_wconf 88' lang='lat' dir='ltr'><strong><em>tneo</em></strong></span> <span class='ocrx_word' id='word_1_12' title='bbox 742 466 819 524; x_wconf 89' lang='lat' dir='ltr'><strong><em>captu</em></strong></span> <span class='ocrx_word' id='word_1_13' title='bbox 836 473 909 511; x_wconf 89' lang='lat' dir='ltr'><strong><em>mene</em></strong></span> <span class='ocrx_word' id='word_1_14' title='bbox 920 455 1071 526; x_wconf 72' lang='lat' dir='ltr'><strong><em>pusillitatis</em></strong></span> <span class='ocrx_word' id='word_1_15' title='bbox 1085 459 1211 513; x_wconf 73' lang='lat' dir='ltr'><strong><em>verenter</em></strong></span> <span class='ocrx_word' id='word_1_16' title='bbox 1224 461 1333 515; x_wconf 81' lang='lat' dir='ltr'><strong><em>vhsiavi.</em></strong></span> <span class='ocrx_word' id='word_1_17' title='bbox 1355 481 1364 512; x_wconf 81' lang='lat' dir='ltr'><strong><em>s</em></strong></span> 
     </span>
     <span class='ocr_line' id='line_1_3' title="bbox 173 544 1144 624; baseline -0.004 -15"><span class='ocrx_word' id='word_1_18' title='bbox 173 555 274 610; x_wconf 79' lang='lat' dir='ltr'>Deinde</span> <span class='ocrx_word' id='word_1_19' title='bbox 295 553 382 624; x_wconf 82' lang='lat' dir='ltr'><strong><em>eapite</em></strong></span> <span class='ocrx_word' id='word_1_20' title='bbox 406 550 494 621; x_wconf 88' lang='lat' dir='ltr'><strong><em>ptimo</em></strong></span> <span class='ocrx_word' id='word_1_21' title='bbox 514 549 542 602; x_wconf 88' lang='lat' dir='ltr'><strong><em>ln</em></strong></span> <span class='ocrx_word' id='word_1_22' title='bbox 559 544 691 604; x_wconf 76' lang='lat' dir='ltr'><strong><em>ioannem</em></strong></span> <span class='ocrx_word' id='word_1_23' title='bbox 706 548 816 604; x_wconf 72' lang='lat' dir='ltr'><strong><em>Scottum</em></strong></span> <span class='ocrx_word' id='word_1_24' title='bbox 833 551 1022 605; x_wconf 84' lang='lat' dir='ltr'><strong><em>iauelritarltis</em></strong></span> <span class='ocrx_word' id='word_1_25' title='bbox 1038 553 1144 607; x_wconf 80' lang='lat' dir='ltr'><strong><em>seritis:</em></strong></span> 
     </span>
    </p>
   </div>
   <div class='ocr_carea' id='block_1_3' title="bbox 138 644 1748 806">
    <p class='ocr_par' dir='ltr' id='par_1_3' title="bbox 138 644 1748 806">
     <span class='ocr_line' id='line_1_4' title="bbox 173 644 1748 723; baseline 0.004 -21"><span class='ocrx_word' id='word_1_26' title='bbox 173 649 353 718; x_wconf 78' lang='lat' dir='ltr'><strong><em>lilasphemius</em></strong></span> <span class='ocrx_word' id='word_1_27' title='bbox 373 657 443 711; x_wconf 85' lang='lat' dir='ltr'><strong><em>tuos,</em></strong></span> <span class='ocrx_word' id='word_1_28' title='bbox 456 644 586 716; x_wconf 70' lang='lat' dir='ltr'><strong><em>Ioannes,</em></strong></span> <span class='ocrx_word' id='word_1_29' title='bbox 607 657 684 714; x_wconf 89' lang='lat' dir='ltr'><strong><em>atque</em></strong></span> <span class='ocrx_word' id='word_1_30' title='bbox 707 645 891 712; x_wconf 88' lang='lat' dir='ltr'><strong><em>impudentias,</em></strong></span> <span class='ocrx_word' id='word_1_31' title='bbox 907 644 998 714; x_wconf 89' lang='lat' dir='ltr'><strong><em>quihus</em></strong></span> <span class='ocrx_word' id='word_1_32' title='bbox 1013 645 1040 696; x_wconf 92' lang='lat' dir='ltr'><strong><em>in</em></strong></span> <span class='ocrx_word' id='word_1_33' title='bbox 1055 644 1103 698; x_wconf 89' lang='lat' dir='ltr'><strong><em>Dei</em></strong></span> <span class='ocrx_word' id='word_1_34' title='bbox 1115 647 1256 713; x_wconf 84' lang='lat' dir='ltr'><strong><em>qratuitom</em></strong></span> <span class='ocrx_word' id='word_1_35' title='bbox 1270 648 1381 716; x_wconf 88' lang='lat' dir='ltr'><strong><em>qratiam</em></strong></span> <span class='ocrx_word' id='word_1_36' title='bbox 1392 648 1577 723; x_wconf 73' lang='lat' dir='ltr'><strong><em>justitiamque</em></strong></span> <span class='ocrx_word' id='word_1_37' title='bbox 1590 651 1748 722; x_wconf 72' lang='lat' dir='ltr'><strong><em>inheuihilen</em></strong></span> 
     </span>
     <span class='ocr_line' id='line_1_5' title="bbox 138 730 1748 806; baseline 0.002 -16"><span class='ocrx_word' id='word_1_38' title='bbox 138 755 236 804; x_wconf 80' lang='lat' dir='ltr'><strong><em>procas</em></strong></span> <span class='ocrx_word' id='word_1_39' title='bbox 250 736 384 802; x_wconf 77' lang='lat' dir='ltr'><strong><em>insultetis,</em></strong></span> <span class='ocrx_word' id='word_1_40' title='bbox 400 747 597 806; x_wconf 82' lang='lat' dir='ltr'><strong><em>percursatane</em></strong></span> <span class='ocrx_word' id='word_1_41' title='bbox 623 731 795 804; x_wconf 71' lang='lat' dir='ltr'><strong><em>perversitatis</em></strong></span> <span class='ocrx_word' id='word_1_42' title='bbox 824 731 900 793; x_wconf 82' lang='lat' dir='ltr'><strong><em>hira,</em></strong></span> <span class='ocrx_word' id='word_1_43' title='bbox 920 747 995 800; x_wconf 89' lang='lat' dir='ltr'><strong><em>quem</em></strong></span> <span class='ocrx_word' id='word_1_44' title='bbox 1015 732 1063 784; x_wconf 87' lang='lat' dir='ltr'><strong><em>suh</em></strong></span> <span class='ocrx_word' id='word_1_45' title='bbox 1086 734 1188 785; x_wconf 82' lang='lat' dir='ltr'><strong><em>nomine</em></strong></span> <span class='ocrx_word' id='word_1_46' title='bbox 1210 734 1345 803; x_wconf 79' lang='lat' dir='ltr'><strong><em>cujusdam</em></strong></span> <span class='ocrx_word' id='word_1_47' title='bbox 1367 730 1513 789; x_wconf 85' lang='lat' dir='ltr'><strong><em>thescalci</em></strong></span> <span class='ocrx_word' id='word_1_48' title='bbox 1532 737 1658 793; x_wconf 86' lang='lat' dir='ltr'><strong><em>adversus</em></strong></span> <span class='ocrx_word' id='word_1_49' title='bbox 1673 756 1748 796; x_wconf 80' lang='lat' dir='ltr'><strong><em>aaran</em></strong></span> 
     </span>
    </p>
   </div>
   <div class='ocr_carea' id='block_1_4' title="bbox 90 824 1753 5065">
    <p class='ocr_par' dir='ltr' id='par_1_4' title="bbox 135 824 1751 1745">
     <span class='ocr_line' id='line_1_6' title="bbox 140 824 1747 903; baseline 0.001 -17"><span class='ocrx_word' id='word_1_50' title='bbox 140 832 277 886; x_wconf 86' lang='lat' dir='ltr'><strong><em>:atholicos</em></strong></span> <span class='ocrx_word' id='word_1_51' title='bbox 289 831 414 901; x_wconf 73' lang='lat' dir='ltr'><strong><em>effudisti,</em></strong></span> <span class='ocrx_word' id='word_1_52' title='bbox 429 848 459 885; x_wconf 89' lang='lat' dir='ltr'><strong><em>eo</em></strong></span> <span class='ocrx_word' id='word_1_53' title='bbox 471 830 604 884; x_wconf 86' lang='lat' dir='ltr'><strong><em>molestius</em></strong></span> <span class='ocrx_word' id='word_1_54' title='bbox 617 827 714 896; x_wconf 83' lang='lat' dir='ltr'><strong><em>accepi,</em></strong></span> <span class='ocrx_word' id='word_1_55' title='bbox 730 842 781 896; x_wconf 91' lang='lat' dir='ltr'><strong><em>quo</em></strong></span> <span class='ocrx_word' id='word_1_56' title='bbox 803 834 827 878; x_wconf 89' lang='lat' dir='ltr'><strong><em>tc</em></strong></span> <span class='ocrx_word' id='word_1_57' title='bbox 844 824 1002 892; x_wconf 73' lang='lat' dir='ltr'><strong><em>familiarius</em></strong></span> <span class='ocrx_word' id='word_1_58' title='bbox 1022 825 1203 893; x_wconf 69' lang='lat' dir='ltr'><strong><em>amplectebar,</em></strong></span> <span class='ocrx_word' id='word_1_59' title='bbox 1218 827 1374 891; x_wconf 71' lang='lat' dir='ltr'><strong><em>peculiarius</em></strong></span> <span class='ocrx_word' id='word_1_60' title='bbox 1394 829 1543 898; x_wconf 86' lang='lat' dir='ltr'><strong><em>diliqeham,</em></strong></span> <span class='ocrx_word' id='word_1_61' title='bbox 1563 836 1658 902; x_wconf 85' lang='lat' dir='ltr'><strong><em>quippe</em></strong></span> <span class='ocrx_word' id='word_1_62' title='bbox 1674 837 1747 903; x_wconf 86' lang='lat' dir='ltr'><strong><em>quiin</em></strong></span> 
     </span>
     <span class='ocr_line' id='line_1_7' title="bbox 139 916 1747 995; baseline 0.002 -17"><span class='ocrx_word' id='word_1_63' title='bbox 139 937 237 981; x_wconf 91' lang='lat' dir='ltr'><strong><em>taatutu</em></strong></span> <span class='ocrx_word' id='word_1_64' title='bbox 250 927 371 981; x_wconf 88' lang='lat' dir='ltr'><strong><em>vesaniae</em></strong></span> <span class='ocrx_word' id='word_1_65' title='bbox 383 926 539 995; x_wconf 68' lang='lat' dir='ltr'><strong><em>proruperis,</em></strong></span> <span class='ocrx_word' id='word_1_66' title='bbox 552 933 580 978; x_wconf 87' lang='lat' dir='ltr'><strong><em>ut</em></strong></span> <span class='ocrx_word' id='word_1_67' title='bbox 591 921 770 992; x_wconf 71' lang='lat' dir='ltr'><strong><em>pravissimam</em></strong></span> <span class='ocrx_word' id='word_1_68' title='bbox 783 928 933 972; x_wconf 75' lang='lat' dir='ltr'><strong><em>intactarum</em></strong></span> <span class='ocrx_word' id='word_1_69' title='bbox 949 916 1142 986; x_wconf 76' lang='lat' dir='ltr'><strong><em>scripturaram</em></strong></span> <span class='ocrx_word' id='word_1_70' title='bbox 1156 921 1335 972; x_wconf 88' lang='lat' dir='ltr'><strong><em>auctoritatem</em></strong></span> <span class='ocrx_word' id='word_1_71' title='bbox 1348 922 1399 974; x_wconf 90' lang='lat' dir='ltr'><strong><em>tuis</em></strong></span> <span class='ocrx_word' id='word_1_72' title='bbox 1408 924 1494 990; x_wconf 90' lang='lat' dir='ltr'><strong><em>pravis</em></strong></span> <span class='ocrx_word' id='word_1_73' title='bbox 1506 926 1747 995; x_wconf 70' lang='lat' dir='ltr'><strong><em>interpretationibus</em></strong></span> 
     </span>
     <span class='ocr_line' id='line_1_8' title="bbox 138 1013 1745 1091; baseline 0.001 -19"><span class='ocrx_word' id='word_1_74' title='bbox 138 1021 447 1091; x_wconf 77' lang='lat' dir='ltr'><strong><em>detorqueres,seusaque</em></strong></span> <span class='ocrx_word' id='word_1_75' title='bbox 468 1016 655 1071; x_wconf 86' lang='lat' dir='ltr'><strong><em>catholicorum</em></strong></span> <span class='ocrx_word' id='word_1_76' title='bbox 682 1014 793 1067; x_wconf 83' lang='lat' dir='ltr'><strong><em>Patruus</em></strong></span> <span class='ocrx_word' id='word_1_77' title='bbox 815 1015 941 1082; x_wconf 83' lang='lat' dir='ltr'><strong><em>peruersis</em></strong></span> <span class='ocrx_word' id='word_1_78' title='bbox 965 1013 1113 1065; x_wconf 86' lang='lat' dir='ltr'><strong><em>invertenda</em></strong></span> <span class='ocrx_word' id='word_1_79' title='bbox 1142 1015 1259 1068; x_wconf 86' lang='lat' dir='ltr'><strong><em>seusihrts</em></strong></span> <span class='ocrx_word' id='word_1_80' title='bbox 1282 1017 1416 1081; x_wconf 79' lang='lat' dir='ltr'><strong><em>edoceres,</em></strong></span> <span class='ocrx_word' id='word_1_81' title='bbox 1443 1019 1568 1072; x_wconf 88' lang='lat' dir='ltr'><strong><em>niatirum</em></strong></span> <span class='ocrx_word' id='word_1_82' title='bbox 1593 1023 1745 1089; x_wconf 73' lang='lat' dir='ltr'><strong><em>quadrivium</em></strong></span> 
     </span>
     <span class='ocr_line' id='line_1_9' title="bbox 138 1101 1746 1183; baseline 0.002 -17"><span class='ocrx_word' id='word_1_83' title='bbox 138 1113 266 1183; x_wconf 74' lang='lat' dir='ltr'><strong><em>quoddam</em></strong></span> <span class='ocrx_word' id='word_1_84' title='bbox 288 1112 361 1164; x_wconf 87' lang='lat' dir='ltr'><strong><em>trahis</em></strong></span> <span class='ocrx_word' id='word_1_85' title='bbox 381 1110 541 1179; x_wconf 87' lang='lat' dir='ltr'><strong><em>intelliqendi</em></strong></span> <span class='ocrx_word' id='word_1_86' title='bbox 558 1107 706 1177; x_wconf 79' lang='lat' dir='ltr'><strong><em>Scripturas</em></strong></span> <span class='ocrx_word' id='word_1_87' title='bbox 727 1105 949 1181; x_wconf 73' lang='lat' dir='ltr'><strong><em>affirtqerts,quod</em></strong></span> <span class='ocrx_word' id='word_1_88' title='bbox 972 1101 1064 1157; x_wconf 84' lang='lat' dir='ltr'><strong><em>Patres</em></strong></span> <span class='ocrx_word' id='word_1_89' title='bbox 1087 1106 1179 1171; x_wconf 88' lang='lat' dir='ltr'><strong><em>nostri,</em></strong></span> <span class='ocrx_word' id='word_1_90' title='bbox 1204 1106 1318 1161; x_wconf 87' lang='lat' dir='ltr'><strong><em>videlicet</em></strong></span> <span class='ocrx_word' id='word_1_91' title='bbox 1341 1124 1429 1163; x_wconf 86' lang='lat' dir='ltr'><strong><em>vtttaes</em></strong></span> <span class='ocrx_word' id='word_1_92' title='bbox 1449 1112 1571 1164; x_wconf 76' lang='lat' dir='ltr'><strong><em>catholici</em></strong></span> <span class='ocrx_word' id='word_1_93' title='bbox 1597 1122 1746 1181; x_wconf 87' lang='lat' dir='ltr'><strong><em>tractatores,</em></strong></span> 
     </span>
     <span class='ocr_line' id='line_1_10' title="bbox 137 1194 1748 1279; baseline 0 -16"><span class='ocrx_word' id='word_1_94' title='bbox 137 1211 223 1265; x_wconf 80' lang='lat' dir='ltr'><strong><em>diuino</em></strong></span> <span class='ocrx_word' id='word_1_95' title='bbox 237 1211 402 1278; x_wconf 87' lang='lat' dir='ltr'><strong><em>hantonaque</em></strong></span> <span class='ocrx_word' id='word_1_96' title='bbox 417 1205 544 1274; x_wconf 89' lang='lat' dir='ltr'><strong><em>sapientia</em></strong></span> <span class='ocrx_word' id='word_1_97' title='bbox 560 1203 760 1273; x_wconf 59' lang='lat' dir='ltr'><strong><em>praesumentes,</em></strong></span> <span class='ocrx_word' id='word_1_98' title='bbox 782 1218 841 1255; x_wconf 83' lang='lat' dir='ltr'><strong><em>euin</em></strong></span> <span class='ocrx_word' id='word_1_99' title='bbox 861 1194 944 1254; x_wconf 85' lang='lat' dir='ltr'><strong><em>ntnlta</em></strong></span> <span class='ocrx_word' id='word_1_100' title='bbox 958 1200 1131 1255; x_wconf 88' lang='lat' dir='ltr'><strong><em>eruditissime</em></strong></span> <span class='ocrx_word' id='word_1_101' title='bbox 1153 1201 1404 1273; x_wconf 86' lang='lat' dir='ltr'><strong><em>luculentissimeque</em></strong></span> <span class='ocrx_word' id='word_1_102' title='bbox 1426 1206 1534 1259; x_wconf 85' lang='lat' dir='ltr'><strong><em>caelitus</em></strong></span> <span class='ocrx_word' id='word_1_103' title='bbox 1558 1208 1661 1273; x_wconf 86' lang='lat' dir='ltr'><strong><em>irnhuti,</em></strong></span> <span class='ocrx_word' id='word_1_104' title='bbox 1682 1225 1748 1279; x_wconf 80' lang='lat' dir='ltr'><strong><em>erpo·</em></strong></span> 
     </span>
     <span class='ocr_line' id='line_1_11' title="bbox 137 1296 1751 1372; baseline 0 -13"><span class='ocrx_word' id='word_1_105' title='bbox 137 1305 233 1367; x_wconf 85' lang='lat' dir='ltr'><strong><em>nendo,</em></strong></span> <span class='ocrx_word' id='word_1_106' title='bbox 247 1314 323 1372; x_wconf 91' lang='lat' dir='ltr'><strong><em>otqae</em></strong></span> <span class='ocrx_word' id='word_1_107' title='bbox 336 1300 499 1369; x_wconf 86' lang='lat' dir='ltr'><strong><em>intelliqendi</em></strong></span> <span class='ocrx_word' id='word_1_108' title='bbox 513 1299 615 1368; x_wconf 83' lang='lat' dir='ltr'><strong><em>repulus</em></strong></span> <span class='ocrx_word' id='word_1_109' title='bbox 626 1299 765 1366; x_wconf 88' lang='lat' dir='ltr'><strong><em>modosque</em></strong></span> <span class='ocrx_word' id='word_1_110' title='bbox 780 1297 938 1349; x_wconf 89' lang='lat' dir='ltr'><strong><em>locationum</em></strong></span> <span class='ocrx_word' id='word_1_111' title='bbox 951 1296 1105 1363; x_wconf 85' lang='lat' dir='ltr'><strong><em>rttrrltiplices</em></strong></span> <span class='ocrx_word' id='word_1_112' title='bbox 1126 1300 1263 1366; x_wconf 91' lang='lat' dir='ltr'><strong><em>aperiemlv</em></strong></span> <span class='ocrx_word' id='word_1_113' title='bbox 1279 1300 1437 1369; x_wconf 84' lang='lat' dir='ltr'><strong><em>reliquerint,</em></strong></span> <span class='ocrx_word' id='word_1_114' title='bbox 1456 1301 1483 1354; x_wconf 92' lang='lat' dir='ltr'><strong><em>in</em></strong></span> <span class='ocrx_word' id='word_1_115' title='bbox 1502 1301 1598 1372; x_wconf 91' lang='lat' dir='ltr'><strong><em>quihus</em></strong></span> <span class='ocrx_word' id='word_1_116' title='bbox 1612 1302 1706 1357; x_wconf 82' lang='lat' dir='ltr'><strong><em>nullust</em></strong></span> <span class='ocrx_word' id='word_1_117' title='bbox 1718 1301 1751 1359; x_wconf 84' lang='lat' dir='ltr'><strong><em>tsi</em></strong></span> 
     </span>
     <span class='ocr_line' id='line_1_12' title="bbox 136 1392 1746 1467; baseline 0.002 -15"><span class='ocrx_word' id='word_1_118' title='bbox 136 1396 264 1467; x_wconf 75' lang='lat' dir='ltr'><strong><em>quadrivii</em></strong></span> <span class='ocrx_word' id='word_1_119' title='bbox 286 1396 441 1449; x_wconf 85' lang='lat' dir='ltr'><strong><em>mentionem</em></strong></span> <span class='ocrx_word' id='word_1_120' title='bbox 454 1394 545 1462; x_wconf 75' lang='lat' dir='ltr'><strong><em>secisse</em></strong></span> <span class='ocrx_word' id='word_1_121' title='bbox 566 1392 718 1462; x_wconf 86' lang='lat' dir='ltr'><strong><em>prohaatur,</em></strong></span> <span class='ocrx_word' id='word_1_122' title='bbox 738 1392 839 1460; x_wconf 90' lang='lat' dir='ltr'><strong><em>penitus</em></strong></span> <span class='ocrx_word' id='word_1_123' title='bbox 856 1400 1074 1460; x_wconf 85' lang='lat' dir='ltr'><strong><em>evtttstnpseruut,</em></strong></span> <span class='ocrx_word' id='word_1_124' title='bbox 1089 1403 1258 1461; x_wconf 78' lang='lat' dir='ltr'><strong><em>proponentes</em></strong></span> <span class='ocrx_word' id='word_1_125' title='bbox 1281 1395 1352 1446; x_wconf 89' lang='lat' dir='ltr'><strong><em>nohis</em></strong></span> <span class='ocrx_word' id='word_1_126' title='bbox 1366 1393 1480 1447; x_wconf 89' lang='lat' dir='ltr'><strong><em>videlicet</em></strong></span> <span class='ocrx_word' id='word_1_127' title='bbox 1495 1406 1520 1449; x_wconf 89' lang='lat' dir='ltr'><strong><em>et</em></strong></span> <span class='ocrx_word' id='word_1_128' title='bbox 1535 1397 1620 1451; x_wconf 90' lang='lat' dir='ltr'><strong><em>multo</em></strong></span> <span class='ocrx_word' id='word_1_129' title='bbox 1634 1399 1746 1466; x_wconf 78' lang='lat' dir='ltr'><strong><em>mutam,</em></strong></span> 
     </span>
     <span class='ocr_line' id='line_1_13' title="bbox 135 1483 1748 1563; baseline 0.001 -18"><span class='ocrx_word' id='word_1_130' title='bbox 135 1492 289 1554; x_wconf 81' lang='lat' dir='ltr'><strong><em>sanctiores,</em></strong></span> <span class='ocrx_word' id='word_1_131' title='bbox 305 1489 483 1558; x_wconf 77' lang='lat' dir='ltr'><strong><em>doctioresque</em></strong></span> <span class='ocrx_word' id='word_1_132' title='bbox 495 1489 558 1551; x_wconf 85' lang='lat' dir='ltr'><strong><em>uias,</em></strong></span> <span class='ocrx_word' id='word_1_133' title='bbox 579 1503 690 1556; x_wconf 86' lang='lat' dir='ltr'><strong><em>qnorum</em></strong></span> <span class='ocrx_word' id='word_1_134' title='bbox 703 1485 872 1554; x_wconf 87' lang='lat' dir='ltr'><strong><em>opitulatione</em></strong></span> <span class='ocrx_word' id='word_1_135' title='bbox 887 1483 991 1537; x_wconf 82' lang='lat' dir='ltr'><strong><em>suhniai</em></strong></span> <span class='ocrx_word' id='word_1_136' title='bbox 1005 1494 1028 1537; x_wconf 88' lang='lat' dir='ltr'><strong><em>et</em></strong></span> <span class='ocrx_word' id='word_1_137' title='bbox 1042 1485 1206 1551; x_wconf 79' lang='lat' dir='ltr'><strong><em>stropharum</em></strong></span> <span class='ocrx_word' id='word_1_138' title='bbox 1218 1496 1323 1539; x_wconf 88' lang='lat' dir='ltr'><strong><em>tuarum</em></strong></span> <span class='ocrx_word' id='word_1_139' title='bbox 1342 1486 1512 1555; x_wconf 68' lang='lat' dir='ltr'><strong><em>faeculentias</em></strong></span> <span class='ocrx_word' id='word_1_140' title='bbox 1533 1488 1641 1554; x_wconf 82' lang='lat' dir='ltr'><strong><em>euitare.</em></strong></span> <span class='ocrx_word' id='word_1_141' title='bbox 1654 1502 1677 1547; x_wconf 87' lang='lat' dir='ltr'><strong><em>et</em></strong></span> <span class='ocrx_word' id='word_1_142' title='bbox 1688 1495 1748 1563; x_wconf 85' lang='lat' dir='ltr'><strong><em>puri·</em></strong></span> 
     </span>
     <span class='ocr_line' id='line_1_14' title="bbox 136 1578 1748 1652; baseline 0.003 -16"><span class='ocrx_word' id='word_1_143' title='bbox 136 1595 215 1637; x_wconf 90' lang='lat' dir='ltr'><strong><em>tatem</em></strong></span> <span class='ocrx_word' id='word_1_144' title='bbox 229 1582 435 1649; x_wconf 75' lang='lat' dir='ltr'><strong><em>simplicissimae</em></strong></span> <span class='ocrx_word' id='word_1_145' title='bbox 448 1581 510 1649; x_wconf 76' lang='lat' dir='ltr'><strong><em>fidei</em></strong></span> <span class='ocrx_word' id='word_1_146' title='bbox 522 1580 674 1634; x_wconf 88' lang='lat' dir='ltr'><strong><em>clarissimis</em></strong></span> <span class='ocrx_word' id='word_1_147' title='bbox 687 1580 888 1633; x_wconf 80' lang='lat' dir='ltr'><strong><em>assuetissimis</em></strong></span> <span class='ocrx_word' id='word_1_148' title='bbox 906 1578 1019 1648; x_wconf 72' lang='lat' dir='ltr'><strong><em>{orttihus</em></strong></span> <span class='ocrx_word' id='word_1_149' title='bbox 1034 1580 1141 1632; x_wconf 87' lang='lat' dir='ltr'><strong><em>haurire</em></strong></span> <span class='ocrx_word' id='word_1_150' title='bbox 1154 1590 1177 1632; x_wconf 89' lang='lat' dir='ltr'><strong><em>et</em></strong></span> <span class='ocrx_word' id='word_1_151' title='bbox 1191 1582 1329 1650; x_wconf 82' lang='lat' dir='ltr'><strong><em>propitiare</em></strong></span> <span class='ocrx_word' id='word_1_152' title='bbox 1348 1581 1375 1636; x_wconf 90' lang='lat' dir='ltr'><strong><em>ia</em></strong></span> <span class='ocrx_word' id='word_1_153' title='bbox 1389 1584 1491 1639; x_wconf 88' lang='lat' dir='ltr'><strong><em>uontitte</em></strong></span> <span class='ocrx_word' id='word_1_154' title='bbox 1505 1591 1529 1636; x_wconf 91' lang='lat' dir='ltr'><strong><em>ct</em></strong></span> <span class='ocrx_word' id='word_1_155' title='bbox 1541 1583 1676 1652; x_wconf 77' lang='lat' dir='ltr'><strong><em>adjutorio</em></strong></span> <span class='ocrx_word' id='word_1_156' title='bbox 1687 1589 1748 1641; x_wconf 77' lang='lat' dir='ltr'><strong><em>ussi</em></strong></span> 
     </span>
     <span class='ocr_line' id='line_1_15' title="bbox 136 1671 844 1745; baseline -0.006 -17"><span class='ocrx_word' id='word_1_157' title='bbox 136 1675 256 1745; x_wconf 86' lang='lat' dir='ltr'><strong><em>liutricis,</em></strong></span> <span class='ocrx_word' id='word_1_158' title='bbox 268 1676 321 1728; x_wconf 91' lang='lat' dir='ltr'><strong><em>into</em></strong></span> <span class='ocrx_word' id='word_1_159' title='bbox 336 1674 520 1743; x_wconf 76' lang='lat' dir='ltr'><strong><em>praevertericis</em></strong></span> <span class='ocrx_word' id='word_1_160' title='bbox 535 1674 636 1743; x_wconf 87' lang='lat' dir='ltr'><strong><em>qrative</em></strong></span> <span class='ocrx_word' id='word_1_161' title='bbox 646 1671 695 1725; x_wconf 88' lang='lat' dir='ltr'><strong><em>Dei</em></strong></span> <span class='ocrx_word' id='word_1_162' title='bbox 705 1673 844 1743; x_wconf 87' lang='lat' dir='ltr'><strong><em>possimus.</em></strong></span> 
     </span>
    </p>

    <p class='ocr_par' dir='ltr' id='par_1_5' title="bbox 174 1762 1045 1833">
     <span class='ocr_line' id='line_1_16' title="bbox 174 1762 1045 1833; baseline -0.005 -14"><span class='ocrx_word' id='word_1_163' title='bbox 174 1765 230 1821; x_wconf 85' lang='lat' dir='ltr'><strong><em>Nee</em></strong></span> <span class='ocrx_word' id='word_1_164' title='bbox 246 1766 343 1820; x_wconf 86' lang='lat' dir='ltr'><strong><em>leviter</em></strong></span> <span class='ocrx_word' id='word_1_165' title='bbox 361 1780 422 1818; x_wconf 83' lang='lat' dir='ltr'><strong><em>eam</em></strong></span> <span class='ocrx_word' id='word_1_166' title='bbox 438 1765 533 1819; x_wconf 78' lang='lat' dir='ltr'><strong><em>coalent</em></strong></span> <span class='ocrx_word' id='word_1_167' title='bbox 546 1763 661 1833; x_wconf 83' lang='lat' dir='ltr'><strong><em>capitata</em></strong></span> <span class='ocrx_word' id='word_1_168' title='bbox 675 1763 753 1832; x_wconf 83' lang='lat' dir='ltr'><strong><em>paula</em></strong></span> <span class='ocrx_word' id='word_1_169' title='bbox 772 1771 832 1831; x_wconf 87' lang='lat' dir='ltr'><strong><em>post</em></strong></span> <span class='ocrx_word' id='word_1_170' title='bbox 848 1763 887 1817; x_wconf 88' lang='lat' dir='ltr'><strong><em>sic</em></strong></span> <span class='ocrx_word' id='word_1_171' title='bbox 903 1762 1023 1832; x_wconf 85' lang='lat' dir='ltr'><strong><em>increpat</em></strong></span> <span class='ocrx_word' id='word_1_172' title='bbox 1039 1782 1045 1816; x_wconf 82' lang='lat' dir='ltr'><strong><em>z</em></strong></span> 
     </span>
    </p>

    <p class='ocr_par' dir='ltr' id='par_1_6' title="bbox 90 1857 1750 4375">
     <span class='ocr_line' id='line_1_17' title="bbox 172 1857 1750 1935; baseline 0.009 -24"><span class='ocrx_word' id='word_1_173' title='bbox 172 1857 297 1924; x_wconf 85' lang='lat' dir='ltr'><strong><em>Quantais</em></strong></span> <span class='ocrx_word' id='word_1_174' title='bbox 310 1875 361 1914; x_wconf 89' lang='lat' dir='ltr'><strong><em>uun</em></strong></span> <span class='ocrx_word' id='word_1_175' title='bbox 376 1860 535 1928; x_wconf 81' lang='lat' dir='ltr'><strong><em>iquoremus,</em></strong></span> <span class='ocrx_word' id='word_1_176' title='bbox 547 1867 682 1928; x_wconf 72' lang='lat' dir='ltr'><strong><em>maeeepto</em></strong></span> <span class='ocrx_word' id='word_1_177' title='bbox 695 1857 801 1911; x_wconf 88' lang='lat' dir='ltr'><strong><em>Domini</em></strong></span> <span class='ocrx_word' id='word_1_178' title='bbox 819 1875 882 1911; x_wconf 89' lang='lat' dir='ltr'><strong><em>vasa</em></strong></span> <span class='ocrx_word' id='word_1_179' title='bbox 901 1874 982 1911; x_wconf 79' lang='lat' dir='ltr'><strong><em>astrea</em></strong></span> <span class='ocrx_word' id='word_1_180' title='bbox 1001 1868 1077 1928; x_wconf 89' lang='lat' dir='ltr'><strong><em>atque</em></strong></span> <span class='ocrx_word' id='word_1_181' title='bbox 1089 1869 1220 1928; x_wconf 87' lang='lat' dir='ltr'><strong><em>arqentea,</em></strong></span> <span class='ocrx_word' id='word_1_182' title='bbox 1242 1862 1399 1933; x_wconf 86' lang='lat' dir='ltr'><strong><em>vestiumque</em></strong></span> <span class='ocrx_word' id='word_1_183' title='bbox 1419 1880 1451 1918; x_wconf 89' lang='lat' dir='ltr'><strong><em>oc</em></strong></span> <span class='ocrx_word' id='word_1_184' title='bbox 1474 1880 1640 1935; x_wconf 77' lang='lat' dir='ltr'><strong><em>pemmonem</em></strong></span> <span class='ocrx_word' id='word_1_185' title='bbox 1664 1871 1750 1925; x_wconf 75' lang='lat' dir='ltr'><strong><em>vodan</em></strong></span> 
     </span>
     <span class='ocr_line' id='line_1_18' title="bbox 134 1950 1749 2028; baseline 0.007 -22"><span class='ocrx_word' id='word_1_186' title='bbox 134 1953 352 2023; x_wconf 87' lang='lat' dir='ltr'><strong><em>pulchritudinem</em></strong></span> <span class='ocrx_word' id='word_1_187' title='bbox 373 1952 546 2021; x_wconf 80' lang='lat' dir='ltr'><strong><em>ohAeqpptiis</em></strong></span> <span class='ocrx_word' id='word_1_188' title='bbox 566 1961 696 2016; x_wconf 78' lang='lat' dir='ltr'><strong><em>triturata,</em></strong></span> <span class='ocrx_word' id='word_1_189' title='bbox 717 1950 774 2019; x_wconf 79' lang='lat' dir='ltr'><strong><em>ejus</em></strong></span> <span class='ocrx_word' id='word_1_190' title='bbox 786 1950 954 2021; x_wconf 81' lang='lat' dir='ltr'><strong><em>tabernaculo</em></strong></span> <span class='ocrx_word' id='word_1_191' title='bbox 976 1951 1057 2019; x_wconf 72' lang='lat' dir='ltr'><strong><em>[uisse</em></strong></span> <span class='ocrx_word' id='word_1_192' title='bbox 1078 1952 1175 2016; x_wconf 82' lang='lat' dir='ltr'><strong><em>oblata,</em></strong></span> <span class='ocrx_word' id='word_1_193' title='bbox 1200 1963 1223 2006; x_wconf 88' lang='lat' dir='ltr'><strong><em>et</em></strong></span> <span class='ocrx_word' id='word_1_194' title='bbox 1242 1970 1298 2008; x_wconf 86' lang='lat' dir='ltr'><strong><em>esso</em></strong></span> <span class='ocrx_word' id='word_1_195' title='bbox 1318 1955 1433 2010; x_wconf 89' lang='lat' dir='ltr'><strong><em>devotius</em></strong></span> <span class='ocrx_word' id='word_1_196' title='bbox 1453 1958 1610 2026; x_wconf 74' lang='lat' dir='ltr'><strong><em>offerenda,·</em></strong></span> <span class='ocrx_word' id='word_1_197' title='bbox 1626 1966 1749 2028; x_wconf 78' lang='lat' dir='ltr'><strong><em>romarii,</em></strong></span> 
     </span>
     <span class='ocr_line' id='line_1_19' title="bbox 134 2044 1749 2126; baseline 0.009 -26"><span class='ocrx_word' id='word_1_198' title='bbox 134 2050 335 2118; x_wconf 85' lang='lat' dir='ltr'><strong><em>quotiescunque</em></strong></span> <span class='ocrx_word' id='word_1_199' title='bbox 350 2057 439 2101; x_wconf 87' lang='lat' dir='ltr'><strong><em>contro</em></strong></span> <span class='ocrx_word' id='word_1_200' title='bbox 454 2064 496 2099; x_wconf 91' lang='lat' dir='ltr'><strong><em>eos</em></strong></span> <span class='ocrx_word' id='word_1_201' title='bbox 509 2046 552 2117; x_wconf 86' lang='lat' dir='ltr'><strong><em>aqi</em></strong></span> <span class='ocrx_word' id='word_1_202' title='bbox 564 2062 665 2099; x_wconf 82' lang='lat' dir='ltr'><strong><em>satanan</em></strong></span> <span class='ocrx_word' id='word_1_203' title='bbox 686 2045 822 2098; x_wconf 74' lang='lat' dir='ltr'><strong><em>neccessitas</em></strong></span> <span class='ocrx_word' id='word_1_204' title='bbox 844 2044 934 2113; x_wconf 83' lang='lat' dir='ltr'><strong><em>coepit,</em></strong></span> <span class='ocrx_word' id='word_1_205' title='bbox 957 2046 1001 2115; x_wconf 89' lang='lat' dir='ltr'><strong><em>qui</em></strong></span> <span class='ocrx_word' id='word_1_206' title='bbox 1016 2044 1111 2098; x_wconf 87' lang='lat' dir='ltr'><strong><em>talihus</em></strong></span> <span class='ocrx_word' id='word_1_207' title='bbox 1129 2046 1214 2114; x_wconf 74' lang='lat' dir='ltr'><strong><em>inpiati</em></strong></span> <span class='ocrx_word' id='word_1_208' title='bbox 1232 2046 1412 2115; x_wconf 87' lang='lat' dir='ltr'><strong><em>qlorr&#39;ahaatur</em></strong></span> <span class='ocrx_word' id='word_1_209' title='bbox 1432 2050 1459 2104; x_wconf 93' lang='lat' dir='ltr'><strong><em>itt</em></strong></span> <span class='ocrx_word' id='word_1_210' title='bbox 1479 2057 1641 2112; x_wconf 77' lang='lat' dir='ltr'><strong><em>vanitatibus</em></strong></span> <span class='ocrx_word' id='word_1_211' title='bbox 1660 2061 1749 2126; x_wconf 69' lang='lat' dir='ltr'><strong><em>sainct</em></strong></span> 
     </span>
     <span class='ocr_line' id='line_1_20' title="bbox 133 2140 1738 2225; baseline 0.001 -28"><span class='ocrx_word' id='word_1_212' title='bbox 133 2142 325 2213; x_wconf 83' lang='lat' dir='ltr'><strong><em>sirtrplieitatem</em></strong></span> <span class='ocrx_word' id='word_1_213' title='bbox 335 2152 438 2196; x_wconf 89' lang='lat' dir='ltr'><strong><em>nostroe</em></strong></span> <span class='ocrx_word' id='word_1_214' title='bbox 449 2142 512 2210; x_wconf 74' lang='lat' dir='ltr'><strong><em>fidei</em></strong></span> <span class='ocrx_word' id='word_1_215' title='bbox 523 2141 660 2194; x_wconf 77' lang='lat' dir='ltr'><strong><em>stultitiam</em></strong></span> <span class='ocrx_word' id='word_1_216' title='bbox 679 2140 849 2210; x_wconf 90' lang='lat' dir='ltr'><strong><em>deputahoat,</em></strong></span> <span class='ocrx_word' id='word_1_217' title='bbox 863 2140 967 2210; x_wconf 80' lang='lat' dir='ltr'><strong><em>exsequi</em></strong></span> <span class='ocrx_word' id='word_1_218' title='bbox 987 2157 1034 2210; x_wconf 91' lang='lat' dir='ltr'><strong><em>pro</em></strong></span> <span class='ocrx_word' id='word_1_219' title='bbox 1047 2150 1160 2209; x_wconf 89' lang='lat' dir='ltr'><strong><em>tempure</em></strong></span> <span class='ocrx_word' id='word_1_220' title='bbox 1175 2158 1226 2195; x_wconf 91' lang='lat' dir='ltr'><strong><em>nou</em></strong></span> <span class='ocrx_word' id='word_1_221' title='bbox 1245 2153 1281 2195; x_wconf 97' lang='grc' dir='ltr'><strong><em>εει</em></strong></span> <span class='ocrx_word' id='word_1_222' title='bbox 1295 2142 1444 2209; x_wconf 83' lang='lat' dir='ltr'><strong><em>inhibitum,</em></strong></span> <span class='ocrx_word' id='word_1_223' title='bbox 1462 2145 1509 2200; x_wconf 88' lang='lat' dir='ltr'><strong><em>sed</em></strong></span> <span class='ocrx_word' id='word_1_224' title='bbox 1521 2151 1638 2218; x_wconf 62' lang='lat' dir='ltr'><strong><em>fidetem</em></strong></span> <span class='ocrx_word' id='word_1_225' title='bbox 1648 2158 1738 2225; x_wconf 60' lang='lat' dir='ltr'><strong><em>psum</em></strong></span> 
     </span>
     <span class='ocr_line' id='line_1_21' title="bbox 134 2233 1740 2312; baseline 0.009 -21"><span class='ocrx_word' id='word_1_226' title='bbox 134 2247 222 2307; x_wconf 85' lang='lat' dir='ltr'><strong><em>terque</em></strong></span> <span class='ocrx_word' id='word_1_227' title='bbox 236 2254 252 2289; x_wconf 90' lang='lat' dir='ltr'><strong><em>u</em></strong></span> <span class='ocrx_word' id='word_1_228' title='bbox 267 2235 391 2289; x_wconf 77' lang='lat' dir='ltr'><strong><em>Patribus</em></strong></span> <span class='ocrx_word' id='word_1_229' title='bbox 403 2246 567 2306; x_wconf 89' lang='lat' dir='ltr'><strong><em>usurpatam.</em></strong></span> <span class='ocrx_word' id='word_1_230' title='bbox 581 2235 619 2288; x_wconf 83' lang='lat' dir='ltr'><strong><em>l&#39;n</em></strong></span> <span class='ocrx_word' id='word_1_231' title='bbox 636 2245 721 2289; x_wconf 88' lang='lat' dir='ltr'><strong><em>autem</em></strong></span> <span class='ocrx_word' id='word_1_232' title='bbox 735 2236 892 2288; x_wconf 88' lang='lat' dir='ltr'><strong><em>econtrario</em></strong></span> <span class='ocrx_word' id='word_1_233' title='bbox 906 2233 938 2287; x_wconf 89' lang='lat' dir='ltr'><strong><em>de</em></strong></span> <span class='ocrx_word' id='word_1_234' title='bbox 955 2235 1008 2304; x_wconf 77' lang='lat' dir='ltr'><strong><em>fide</em></strong></span> <span class='ocrx_word' id='word_1_235' title='bbox 1028 2236 1152 2289; x_wconf 86' lang='lat' dir='ltr'><strong><em>adversus</em></strong></span> <span class='ocrx_word' id='word_1_236' title='bbox 1174 2235 1271 2303; x_wconf 66' lang='lat' dir='ltr'><strong><em>fideles,</em></strong></span> <span class='ocrx_word' id='word_1_237' title='bbox 1293 2238 1372 2291; x_wconf 85' lang='lat' dir='ltr'><strong><em>ttrtllis</em></strong></span> <span class='ocrx_word' id='word_1_238' title='bbox 1390 2240 1594 2312; x_wconf 76' lang='lat' dir='ltr'><strong><em>sophismatibus</em></strong></span> <span class='ocrx_word' id='word_1_239' title='bbox 1615 2248 1740 2305; x_wconf 82' lang='lat' dir='ltr'><strong><em>innitentes</em></strong></span> 
     </span>
     <span class='ocr_line' id='line_1_22' title="bbox 133 2326 1745 2406; baseline 0.008 -22"><span class='ocrx_word' id='word_1_240' title='bbox 133 2333 309 2402; x_wconf 86' lang='lat' dir='ltr'><strong><em>impudentius</em></strong></span> <span class='ocrx_word' id='word_1_241' title='bbox 322 2330 446 2394; x_wconf 81' lang='lat' dir='ltr'><strong><em>scribens,</em></strong></span> <span class='ocrx_word' id='word_1_242' title='bbox 461 2345 541 2400; x_wconf 90' lang='lat' dir='ltr'><strong><em>quare</em></strong></span> <span class='ocrx_word' id='word_1_243' title='bbox 559 2329 594 2381; x_wconf 91' lang='lat' dir='ltr'><strong><em>ud</em></strong></span> <span class='ocrx_word' id='word_1_244' title='bbox 608 2328 748 2398; x_wconf 88' lang='lat' dir='ltr'><strong><em>sophistica</em></strong></span> <span class='ocrx_word' id='word_1_245' title='bbox 762 2337 785 2380; x_wconf 90' lang='lat' dir='ltr'><strong><em>te</em></strong></span> <span class='ocrx_word' id='word_1_246' title='bbox 799 2326 969 2381; x_wconf 88' lang='lat' dir='ltr'><strong><em>deliramento</em></strong></span> <span class='ocrx_word' id='word_1_247' title='bbox 983 2328 1106 2381; x_wconf 82' lang='lat' dir='ltr'><strong><em>verteris?</em></strong></span> <span class='ocrx_word' id='word_1_248' title='bbox 1120 2328 1152 2380; x_wconf 91' lang='lat' dir='ltr'><strong><em>ln</em></strong></span> <span class='ocrx_word' id='word_1_249' title='bbox 1170 2340 1287 2399; x_wconf 87' lang='lat' dir='ltr'><strong><em>promptu</em></strong></span> <span class='ocrx_word' id='word_1_250' title='bbox 1301 2341 1338 2384; x_wconf 87' lang='lat' dir='ltr'><strong><em>est</em></strong></span> <span class='ocrx_word' id='word_1_251' title='bbox 1351 2334 1472 2386; x_wconf 88' lang='lat' dir='ltr'><strong><em>nirrtirum</em></strong></span> <span class='ocrx_word' id='word_1_252' title='bbox 1482 2334 1635 2404; x_wconf 75' lang='lat' dir='ltr'><strong><em>jactantiae</em></strong></span> <span class='ocrx_word' id='word_1_253' title='bbox 1645 2345 1745 2406; x_wconf 71' lang='grc' dir='ltr'><strong><em>ειειάεεε,</em></strong></span> 
     </span>
     <span class='ocr_line' id='line_1_23' title="bbox 133 2419 1745 2495; baseline 0.004 -16"><span class='ocrx_word' id='word_1_254' title='bbox 133 2438 156 2480; x_wconf 85' lang='grc' dir='ltr'><strong><em>ει</em></strong></span> <span class='ocrx_word' id='word_1_255' title='bbox 171 2426 287 2495; x_wconf 73' lang='lat' dir='ltr'><strong><em>nonium</em></strong></span> <span class='ocrx_word' id='word_1_256' title='bbox 298 2424 477 2495; x_wconf 89' lang='lat' dir='ltr'><strong><em>philosophas,</em></strong></span> <span class='ocrx_word' id='word_1_257' title='bbox 493 2423 537 2476; x_wconf 86' lang='lat' dir='ltr'><strong><em>sed</em></strong></span> <span class='ocrx_word' id='word_1_258' title='bbox 552 2419 727 2492; x_wconf 86' lang='lat' dir='ltr'><strong><em>philocompos</em></strong></span> <span class='ocrx_word' id='word_1_259' title='bbox 743 2421 825 2474; x_wconf 87' lang='lat' dir='ltr'><strong><em>videri</em></strong></span> <span class='ocrx_word' id='word_1_260' title='bbox 840 2430 970 2489; x_wconf 85' lang='lat' dir='ltr'><strong><em>appetens,</em></strong></span> <span class='ocrx_word' id='word_1_261' title='bbox 988 2437 1019 2474; x_wconf 90' lang='lat' dir='ltr'><strong><em>ca</em></strong></span> <span class='ocrx_word' id='word_1_262' title='bbox 1034 2421 1106 2474; x_wconf 90' lang='lat' dir='ltr'><strong><em>nohis</em></strong></span> <span class='ocrx_word' id='word_1_263' title='bbox 1122 2421 1236 2491; x_wconf 87' lang='lat' dir='ltr'><strong><em>iaqcrere</em></strong></span> <span class='ocrx_word' id='word_1_264' title='bbox 1255 2422 1382 2493; x_wconf 86' lang='lat' dir='ltr'><strong><em>delcqistt&#39;,</em></strong></span> <span class='ocrx_word' id='word_1_265' title='bbox 1397 2442 1463 2495; x_wconf 88' lang='lat' dir='ltr'><strong><em>quae</em></strong></span> <span class='ocrx_word' id='word_1_266' title='bbox 1478 2432 1581 2487; x_wconf 88' lang='lat' dir='ltr'><strong><em>onullo</em></strong></span> <span class='ocrx_word' id='word_1_267' title='bbox 1597 2439 1745 2493; x_wconf 68' lang='lat' dir='ltr'><strong><em>nastrunut</em></strong></span> 
     </span>
     <span class='ocr_line' id='line_1_24' title="bbox 134 2511 1743 2597; baseline 0.01 -28"><span class='ocrx_word' id='word_1_268' title='bbox 134 2516 255 2588; x_wconf 79' lang='lat' dir='ltr'><strong><em>intelliqi,</em></strong></span> <span class='ocrx_word' id='word_1_269' title='bbox 268 2518 306 2571; x_wconf 82' lang='lat' dir='ltr'><strong><em>vol</em></strong></span> <span class='ocrx_word' id='word_1_270' title='bbox 320 2517 486 2587; x_wconf 85' lang='lat' dir='ltr'><strong><em>deprehendi,</em></strong></span> <span class='ocrx_word' id='word_1_271' title='bbox 498 2515 536 2569; x_wconf 88' lang='lat' dir='ltr'><strong><em>vel</em></strong></span> <span class='ocrx_word' id='word_1_272' title='bbox 552 2524 618 2568; x_wconf 85' lang='lat' dir='ltr'><strong><em>certe</em></strong></span> <span class='ocrx_word' id='word_1_273' title='bbox 628 2513 758 2582; x_wconf 71' lang='lat' dir='ltr'><strong><em>evrtsutari</em></strong></span> <span class='ocrx_word' id='word_1_274' title='bbox 771 2528 845 2582; x_wconf 86' lang='lat' dir='ltr'><strong><em>posse</em></strong></span> <span class='ocrx_word' id='word_1_275' title='bbox 859 2511 1021 2576; x_wconf 86' lang='lat' dir='ltr'><strong><em>crcdidcras;</em></strong></span> <span class='ocrx_word' id='word_1_276' title='bbox 1033 2524 1056 2566; x_wconf 88' lang='lat' dir='ltr'><strong><em>ct</em></strong></span> <span class='ocrx_word' id='word_1_277' title='bbox 1074 2514 1137 2567; x_wconf 88' lang='lat' dir='ltr'><strong><em>dum</em></strong></span> <span class='ocrx_word' id='word_1_278' title='bbox 1153 2515 1240 2568; x_wconf 88' lang='lat' dir='ltr'><strong><em>studes</em></strong></span> <span class='ocrx_word' id='word_1_279' title='bbox 1257 2514 1359 2582; x_wconf 88' lang='lat' dir='ltr'><strong><em>placere</em></strong></span> <span class='ocrx_word' id='word_1_280' title='bbox 1372 2519 1528 2588; x_wconf 83' lang='lat' dir='ltr'><strong><em>hominihus,</em></strong></span> <span class='ocrx_word' id='word_1_281' title='bbox 1541 2529 1637 2597; x_wconf 83' lang='lat' dir='ltr'><strong><em>quihus</em></strong></span> <span class='ocrx_word' id='word_1_282' title='bbox 1650 2533 1677 2588; x_wconf 90' lang='lat' dir='ltr'><strong><em>id</em></strong></span> <span class='ocrx_word' id='word_1_283' title='bbox 1688 2536 1743 2588; x_wconf 85' lang='lat' dir='ltr'><strong><em>eorit</em></strong></span> 
     </span>
     <span class='ocr_line' id='line_1_25' title="bbox 134 2605 1744 2691; baseline 0.002 -26"><span class='ocrx_word' id='word_1_284' title='bbox 134 2629 189 2665; x_wconf 87' lang='lat' dir='ltr'><strong><em>esse</em></strong></span> <span class='ocrx_word' id='word_1_285' title='bbox 206 2627 323 2675; x_wconf 83' lang='lat' dir='ltr'><strong><em>nouerat,</em></strong></span> <span class='ocrx_word' id='word_1_286' title='bbox 336 2611 359 2664; x_wconf 90' lang='lat' dir='ltr'><strong><em>si</em></strong></span> <span class='ocrx_word' id='word_1_287' title='bbox 373 2619 459 2663; x_wconf 79' lang='lat' dir='ltr'><strong><em>tanati</em></strong></span> <span class='ocrx_word' id='word_1_288' title='bbox 471 2605 530 2663; x_wconf 80' lang='lat' dir='ltr'><strong><em>sv&#39;nt</em></strong></span> <span class='ocrx_word' id='word_1_289' title='bbox 546 2608 637 2691; x_wconf 82' lang='lat' dir='ltr'><strong><em>aliqui,</em></strong></span> <span class='ocrx_word' id='word_1_290' title='bbox 650 2607 719 2677; x_wconf 90' lang='lat' dir='ltr'><strong><em>quod</em></strong></span> <span class='ocrx_word' id='word_1_291' title='bbox 735 2615 834 2660; x_wconf 87' lang='lat' dir='ltr'><strong><em>avertat</em></strong></span> <span class='ocrx_word' id='word_1_292' title='bbox 849 2605 942 2673; x_wconf 79' lang='lat' dir='ltr'><strong><em>veritos</em></strong></span> <span class='ocrx_word' id='word_1_293' title='bbox 956 2606 1119 2676; x_wconf 87' lang='lat' dir='ltr'><strong><em>sempiterna,</em></strong></span> <span class='ocrx_word' id='word_1_294' title='bbox 1139 2625 1299 2678; x_wconf 87' lang='lat' dir='ltr'><strong><em>nequaquam</em></strong></span> <span class='ocrx_word' id='word_1_295' title='bbox 1319 2610 1357 2664; x_wconf 89' lang='lat' dir='ltr'><strong><em>vel</em></strong></span> <span class='ocrx_word' id='word_1_296' title='bbox 1378 2615 1478 2678; x_wconf 79' lang='lat' dir='ltr'><strong><em>curisti,</em></strong></span> <span class='ocrx_word' id='word_1_297' title='bbox 1497 2621 1534 2673; x_wconf 83' lang='lat' dir='ltr'><strong><em>uel</em></strong></span> <span class='ocrx_word' id='word_1_298' title='bbox 1553 2606 1699 2691; x_wconf 56' lang='lat' dir='ltr'><strong><em>[armenam</em></strong></span> <span class='ocrx_word' id='word_1_299' title='bbox 1715 2628 1744 2682; x_wconf 72' lang='lat' dir='ltr'><strong><em>pp·</em></strong></span> 
     </span>
     <span class='ocr_line' id='line_1_26' title="bbox 134 2700 1741 2792; baseline 0.007 -34"><span class='ocrx_word' id='word_1_300' title='bbox 134 2704 280 2774; x_wconf 88' lang='lat' dir='ltr'><strong><em>displicere,</em></strong></span> <span class='ocrx_word' id='word_1_301' title='bbox 299 2709 395 2774; x_wconf 90' lang='lat' dir='ltr'><strong><em>dequo</em></strong></span> <span class='ocrx_word' id='word_1_302' title='bbox 415 2718 492 2771; x_wconf 90' lang='lat' dir='ltr'><strong><em>super</em></strong></span> <span class='ocrx_word' id='word_1_303' title='bbox 512 2702 608 2756; x_wconf 89' lang='lat' dir='ltr'><strong><em>talihus</em></strong></span> <span class='ocrx_word' id='word_1_304' title='bbox 629 2702 752 2771; x_wconf 90' lang='lat' dir='ltr'><strong><em>propheto</em></strong></span> <span class='ocrx_word' id='word_1_305' title='bbox 777 2700 929 2754; x_wconf 88' lang='lat' dir='ltr'><strong><em>intentando</em></strong></span> <span class='ocrx_word' id='word_1_306' title='bbox 946 2701 1081 2770; x_wconf 87' lang='lat' dir='ltr'><strong><em>praedicit.</em></strong></span> <span class='ocrx_word' id='word_1_307' title='bbox 1102 2700 1232 2769; x_wconf 81' lang='lat' dir='ltr'><strong><em>Quoniam</em></strong></span> <span class='ocrx_word' id='word_1_308' title='bbox 1256 2704 1327 2759; x_wconf 56' lang='lat' dir='ltr'><strong><em>Deris</em></strong></span> <span class='ocrx_word' id='word_1_309' title='bbox 1345 2706 1485 2777; x_wconf 81' lang='lat' dir='ltr'><strong><em>dissipavit</em></strong></span> <span class='ocrx_word' id='word_1_310' title='bbox 1499 2726 1564 2771; x_wconf 82' lang='lat' dir='ltr'><strong><em>ossa</em></strong></span> <span class='ocrx_word' id='word_1_311' title='bbox 1590 2733 1691 2786; x_wconf 78' lang='lat' dir='ltr'><strong><em>eoram,</em></strong></span> <span class='ocrx_word' id='word_1_312' title='bbox 1710 2723 1741 2792; x_wconf 80' lang='lat' dir='ltr'><strong><em>qai</em></strong></span> 
     </span>
     <span class='ocr_line' id='line_1_27' title="bbox 132 2794 1741 2884; baseline 0.007 -28"><span class='ocrx_word' id='word_1_313' title='bbox 132 2800 288 2857; x_wconf 85' lang='lat' dir='ltr'><strong><em>hominihus</em></strong></span> <span class='ocrx_word' id='word_1_314' title='bbox 310 2799 431 2869; x_wconf 84' lang='lat' dir='ltr'><strong><em>placetrt;</em></strong></span> <span class='ocrx_word' id='word_1_315' title='bbox 447 2796 550 2852; x_wconf 87' lang='lat' dir='ltr'><strong><em>conlasi</em></strong></span> <span class='ocrx_word' id='word_1_316' title='bbox 561 2804 633 2862; x_wconf 90' lang='lat' dir='ltr'><strong><em>sunt,</em></strong></span> <span class='ocrx_word' id='word_1_317' title='bbox 648 2794 774 2865; x_wconf 79' lang='lat' dir='ltr'><strong><em>quonium</em></strong></span> <span class='ocrx_word' id='word_1_318' title='bbox 787 2794 860 2849; x_wconf 84' lang='lat' dir='ltr'><strong><em>Deus</em></strong></span> <span class='ocrx_word' id='word_1_319' title='bbox 874 2795 975 2862; x_wconf 82' lang='lat' dir='ltr'><strong><em>sprevit</em></strong></span> <span class='ocrx_word' id='word_1_320' title='bbox 988 2810 1045 2850; x_wconf 88' lang='lat' dir='ltr'><strong><em>eos.</em></strong></span> <span class='ocrx_word' id='word_1_321' title='bbox 1070 2795 1125 2849; x_wconf 85' lang='lat' dir='ltr'><strong><em>Nec</em></strong></span> <span class='ocrx_word' id='word_1_322' title='bbox 1146 2798 1259 2850; x_wconf 87' lang='lat' dir='ltr'><strong><em>ruetuisti</em></strong></span> <span class='ocrx_word' id='word_1_323' title='bbox 1281 2813 1340 2852; x_wconf 86' lang='lat' dir='ltr'><strong><em>cunr</em></strong></span> <span class='ocrx_word' id='word_1_324' title='bbox 1355 2800 1445 2855; x_wconf 62' lang='lat' dir='ltr'><strong><em>slcltaa</em></strong></span> <span class='ocrx_word' id='word_1_325' title='bbox 1468 2820 1580 2865; x_wconf 87' lang='lat' dir='ltr'><strong><em>auream</em></strong></span> <span class='ocrx_word' id='word_1_326' title='bbox 1601 2812 1741 2884; x_wconf 80' lang='lat' dir='ltr'><strong><em>reputasses</em></strong></span> 
     </span>
     <span class='ocr_line' id='line_1_28' title="bbox 134 2890 1741 2965; baseline 0.003 -17"><span class='ocrx_word' id='word_1_327' title='bbox 134 2894 334 2950; x_wconf 74' lang='lat' dir='ltr'><strong><em>hiericonthino</em></strong></span> <span class='ocrx_word' id='word_1_328' title='bbox 349 2894 514 2949; x_wconf 88' lang='lat' dir='ltr'><strong><em>anathemate</em></strong></span> <span class='ocrx_word' id='word_1_329' title='bbox 525 2902 614 2948; x_wconf 87' lang='lat' dir='ltr'><strong><em>eontra</em></strong></span> <span class='ocrx_word' id='word_1_330' title='bbox 628 2890 765 2946; x_wconf 80' lang='lat' dir='ltr'><strong><em>inhibitum</em></strong></span> <span class='ocrx_word' id='word_1_331' title='bbox 776 2891 869 2945; x_wconf 87' lang='lat' dir='ltr'><strong><em>castris</em></strong></span> <span class='ocrx_word' id='word_1_332' title='bbox 880 2890 1023 2946; x_wconf 83' lang='lat' dir='ltr'><strong><em>Dantinicis</em></strong></span> <span class='ocrx_word' id='word_1_333' title='bbox 1040 2891 1147 2960; x_wconf 69' lang='lat' dir='ltr'><strong><em>inferre,</em></strong></span> <span class='ocrx_word' id='word_1_334' title='bbox 1158 2891 1318 2962; x_wconf 80' lang='lat' dir='ltr'><strong><em>p&#39;antp‘nntque</em></strong></span> <span class='ocrx_word' id='word_1_335' title='bbox 1331 2908 1390 2947; x_wconf 88' lang='lat' dir='ltr'><strong><em>eum</em></strong></span> <span class='ocrx_word' id='word_1_336' title='bbox 1411 2896 1467 2965; x_wconf 87' lang='lat' dir='ltr'><strong><em>ipso</em></strong></span> <span class='ocrx_word' id='word_1_337' title='bbox 1484 2912 1641 2961; x_wconf 69' lang='lat' dir='ltr'><strong><em>sententiam</em></strong></span> <span class='ocrx_word' id='word_1_338' title='bbox 1658 2908 1741 2962; x_wconf 63' lang='lat' dir='ltr'><strong><em>nisime</em></strong></span> 
     </span>
     <span class='ocr_line' id='line_1_29' title="bbox 133 2984 1739 3071; baseline 0.007 -30"><span class='ocrx_word' id='word_1_339' title='bbox 133 2988 376 3050; x_wconf 89' lang='lat' dir='ltr'><strong><em>animadversionis,</em></strong></span> <span class='ocrx_word' id='word_1_340' title='bbox 392 2988 442 3041; x_wconf 91' lang='lat' dir='ltr'><strong><em>nisi</em></strong></span> <span class='ocrx_word' id='word_1_341' title='bbox 461 2987 539 3040; x_wconf 89' lang='lat' dir='ltr'><strong><em>citius</em></strong></span> <span class='ocrx_word' id='word_1_342' title='bbox 560 2985 692 3040; x_wconf 88' lang='lat' dir='ltr'><strong><em>humiliter</em></strong></span> <span class='ocrx_word' id='word_1_343' title='bbox 708 2984 880 3054; x_wconf 87' lang='lat' dir='ltr'><strong><em>resipiscenda</em></strong></span> <span class='ocrx_word' id='word_1_344' title='bbox 899 2985 1066 3054; x_wconf 88' lang='lat' dir='ltr'><strong><em>poenitueris,</em></strong></span> <span class='ocrx_word' id='word_1_345' title='bbox 1085 2989 1175 3040; x_wconf 90' lang='lat' dir='ltr'><strong><em>merito</em></strong></span> <span class='ocrx_word' id='word_1_346' title='bbox 1186 2988 1329 3047; x_wconf 85' lang='lat' dir='ltr'><strong><em>suhiturus.</em></strong></span> <span class='ocrx_word' id='word_1_347' title='bbox 1346 2986 1504 3067; x_wconf 85' lang='lat' dir='ltr'><strong><em>Quicunque</em></strong></span> <span class='ocrx_word' id='word_1_348' title='bbox 1517 2999 1586 3053; x_wconf 82' lang='lat' dir='ltr'><strong><em>enisu</em></strong></span> <span class='ocrx_word' id='word_1_349' title='bbox 1599 3002 1739 3071; x_wconf 76' lang='lat' dir='ltr'><strong><em>prophetissa</em></strong></span> 
     </span>
     <span class='ocr_line' id='line_1_30' title="bbox 132 3074 1740 3165; baseline 0.007 -28"><span class='ocrx_word' id='word_1_350' title='bbox 132 3082 170 3137; x_wconf 86' lang='lat' dir='ltr'><strong><em>vel</em></strong></span> <span class='ocrx_word' id='word_1_351' title='bbox 182 3084 336 3154; x_wconf 88' lang='lat' dir='ltr'><strong><em>apostolicas</em></strong></span> <span class='ocrx_word' id='word_1_352' title='bbox 352 3084 423 3137; x_wconf 88' lang='lat' dir='ltr'><strong><em>nohis</em></strong></span> <span class='ocrx_word' id='word_1_353' title='bbox 437 3083 537 3135; x_wconf 88' lang='lat' dir='ltr'><strong><em>litteras</em></strong></span> <span class='ocrx_word' id='word_1_354' title='bbox 551 3074 688 3151; x_wconf 83' lang='lat' dir='ltr'><strong><em>diliqcttter</em></strong></span> <span class='ocrx_word' id='word_1_355' title='bbox 705 3081 814 3134; x_wconf 88' lang='lat' dir='ltr'><strong><em>scrutati</em></strong></span> <span class='ocrx_word' id='word_1_356' title='bbox 835 3089 906 3146; x_wconf 89' lang='lat' dir='ltr'><strong><em>sunt,</em></strong></span> <span class='ocrx_word' id='word_1_357' title='bbox 921 3080 1043 3135; x_wconf 88' lang='lat' dir='ltr'><strong><em>vivaciter</em></strong></span> <span class='ocrx_word' id='word_1_358' title='bbox 1061 3081 1251 3150; x_wconf 72' lang='lat' dir='ltr'><strong><em>intellexerunt,</em></strong></span> <span class='ocrx_word' id='word_1_359' title='bbox 1273 3087 1385 3154; x_wconf 72' lang='lat' dir='ltr'><strong><em>fideliter</em></strong></span> <span class='ocrx_word' id='word_1_360' title='bbox 1399 3091 1556 3156; x_wconf 85' lang='lat' dir='ltr'><strong><em>enodarunt,</em></strong></span> <span class='ocrx_word' id='word_1_361' title='bbox 1568 3091 1686 3149; x_wconf 86' lang='lat' dir='ltr'><strong><em>ahstrttcs</em></strong></span> <span class='ocrx_word' id='word_1_362' title='bbox 1696 3110 1740 3165; x_wconf 82' lang='lat' dir='ltr'><strong><em>upt-</em></strong></span> 
     </span>
     <span class='ocr_line' id='line_1_31' title="bbox 132 3174 1738 3257; baseline 0.009 -28"><span class='ocrx_word' id='word_1_363' title='bbox 132 3178 238 3242; x_wconf 85' lang='lat' dir='ltr'><strong><em>rientes,</em></strong></span> <span class='ocrx_word' id='word_1_364' title='bbox 253 3176 332 3246; x_wconf 89' lang='lat' dir='ltr'><strong><em>plana</em></strong></span> <span class='ocrx_word' id='word_1_365' title='bbox 350 3184 514 3238; x_wconf 76' lang='lat' dir='ltr'><strong><em>exornantes,</em></strong></span> <span class='ocrx_word' id='word_1_366' title='bbox 529 3174 700 3228; x_wconf 88' lang='lat' dir='ltr'><strong><em>nodosissima</em></strong></span> <span class='ocrx_word' id='word_1_367' title='bbox 720 3174 894 3239; x_wconf 84' lang='lat' dir='ltr'><strong><em>enucleantes,</em></strong></span> <span class='ocrx_word' id='word_1_368' title='bbox 908 3174 1047 3244; x_wconf 86' lang='lat' dir='ltr'><strong><em>ulhqorico</em></strong></span> <span class='ocrx_word' id='word_1_369' title='bbox 1069 3177 1224 3247; x_wconf 86' lang='lat' dir='ltr'><strong><em>deteqentes,</em></strong></span> <span class='ocrx_word' id='word_1_370' title='bbox 1239 3181 1287 3235; x_wconf 89' lang='lat' dir='ltr'><strong><em>hoc</em></strong></span> <span class='ocrx_word' id='word_1_371' title='bbox 1307 3185 1468 3252; x_wconf 89' lang='lat' dir='ltr'><strong><em>potissimum</em></strong></span> <span class='ocrx_word' id='word_1_372' title='bbox 1489 3194 1649 3257; x_wconf 80' lang='lat' dir='ltr'><strong><em>sateqertttst,</em></strong></span> <span class='ocrx_word' id='word_1_373' title='bbox 1668 3199 1694 3244; x_wconf 86' lang='lat' dir='ltr'><strong><em>ut</em></strong></span> <span class='ocrx_word' id='word_1_374' title='bbox 1705 3189 1738 3244; x_wconf 88' lang='lat' dir='ltr'><strong><em>illo</em></strong></span> 
     </span>
     <span class='ocr_line' id='line_1_32' title="bbox 131 3269 1738 3352; baseline 0.009 -28"><span class='ocrx_word' id='word_1_375' title='bbox 131 3271 254 3341; x_wconf 89' lang='lat' dir='ltr'><strong><em>loquendi</em></strong></span> <span class='ocrx_word' id='word_1_376' title='bbox 268 3288 358 3342; x_wconf 81' lang='lat' dir='ltr'><strong><em>qaaere</em></strong></span> <span class='ocrx_word' id='word_1_377' title='bbox 371 3288 449 3342; x_wconf 89' lang='lat' dir='ltr'><strong><em>quam</em></strong></span> <span class='ocrx_word' id='word_1_378' title='bbox 463 3272 579 3324; x_wconf 80' lang='lat' dir='ltr'><strong><em>ntasintc</em></strong></span> <span class='ocrx_word' id='word_1_379' title='bbox 594 3279 735 3333; x_wconf 83' lang='lat' dir='ltr'><strong><em>atterentur,</em></strong></span> <span class='ocrx_word' id='word_1_380' title='bbox 746 3285 797 3339; x_wconf 90' lang='lat' dir='ltr'><strong><em>quo</em></strong></span> <span class='ocrx_word' id='word_1_381' title='bbox 812 3269 891 3351; x_wconf 88' lang='lat' dir='ltr'><strong><em>etiam</em></strong></span> <span class='ocrx_word' id='word_1_382' title='bbox 907 3287 923 3322; x_wconf 88' lang='lat' dir='ltr'><strong><em>a</em></strong></span> <span class='ocrx_word' id='word_1_383' title='bbox 937 3270 1137 3338; x_wconf 82' lang='lat' dir='ltr'><strong><em>sinpliciort&#39;has</em></strong></span> <span class='ocrx_word' id='word_1_384' title='bbox 1151 3276 1246 3346; x_wconf 85' lang='lat' dir='ltr'><strong><em>ohsque</em></strong></span> <span class='ocrx_word' id='word_1_385' title='bbox 1267 3281 1338 3348; x_wconf 81' lang='lat' dir='ltr'><strong><em>qravt</em></strong></span> <span class='ocrx_word' id='word_1_386' title='bbox 1357 3280 1524 3349; x_wconf 71' lang='lat' dir='ltr'><strong><em>difficultate,</em></strong></span> <span class='ocrx_word' id='word_1_387' title='bbox 1544 3298 1612 3352; x_wconf 89' lang='lat' dir='ltr'><strong><em>quae</em></strong></span> <span class='ocrx_word' id='word_1_388' title='bbox 1628 3283 1666 3341; x_wconf 86' lang='lat' dir='ltr'><strong><em>vel</em></strong></span> <span class='ocrx_word' id='word_1_389' title='bbox 1679 3285 1738 3339; x_wconf 89' lang='lat' dir='ltr'><strong><em>osli·</em></strong></span> 
     </span>
     <span class='ocr_line' id='line_1_33' title="bbox 132 3361 1738 3451; baseline 0.007 -32"><span class='ocrx_word' id='word_1_390' title='bbox 132 3376 199 3432; x_wconf 88' lang='lat' dir='ltr'><strong><em>rent,</em></strong></span> <span class='ocrx_word' id='word_1_391' title='bbox 214 3366 252 3420; x_wconf 91' lang='lat' dir='ltr'><strong><em>vel</em></strong></span> <span class='ocrx_word' id='word_1_392' title='bbox 266 3367 561 3439; x_wconf 86' lang='lat' dir='ltr'><strong><em>leqercnt‚eaperentur.</em></strong></span> <span class='ocrx_word' id='word_1_393' title='bbox 579 3362 655 3428; x_wconf 87' lang='lat' dir='ltr'><strong><em>Quod</em></strong></span> <span class='ocrx_word' id='word_1_394' title='bbox 676 3378 735 3414; x_wconf 87' lang='lat' dir='ltr'><strong><em>eum</em></strong></span> <span class='ocrx_word' id='word_1_395' title='bbox 755 3361 787 3414; x_wconf 89' lang='lat' dir='ltr'><strong><em>oh</em></strong></span> <span class='ocrx_word' id='word_1_396' title='bbox 808 3362 926 3416; x_wconf 87' lang='lat' dir='ltr'><strong><em>omnihus</em></strong></span> <span class='ocrx_word' id='word_1_397' title='bbox 945 3364 1050 3433; x_wconf 86' lang='lat' dir='ltr'><strong><em>proride</em></strong></span> <span class='ocrx_word' id='word_1_398' title='bbox 1070 3366 1148 3435; x_wconf 76' lang='lat' dir='ltr'><strong><em>[uerit</em></strong></span> <span class='ocrx_word' id='word_1_399' title='bbox 1166 3368 1342 3436; x_wconf 80' lang='lat' dir='ltr'><strong><em>observatum,</em></strong></span> <span class='ocrx_word' id='word_1_400' title='bbox 1361 3373 1499 3443; x_wconf 87' lang='lat' dir='ltr'><strong><em>praecipue</em></strong></span> <span class='ocrx_word' id='word_1_401' title='bbox 1522 3375 1664 3435; x_wconf 71' lang='lat' dir='ltr'><strong><em>hmthsisvv&#39;</em></strong></span> <span class='ocrx_word' id='word_1_402' title='bbox 1679 3390 1738 3451; x_wconf 76' lang='lat' dir='ltr'><strong><em>atqu</em></strong></span> 
     </span>
     <span class='ocr_line' id='line_1_34' title="bbox 130 3456 1738 3539; baseline 0.009 -25"><span class='ocrx_word' id='word_1_403' title='bbox 130 3461 274 3515; x_wconf 86' lang='lat' dir='ltr'><strong><em>doctissimi</em></strong></span> <span class='ocrx_word' id='word_1_404' title='bbox 283 3461 365 3531; x_wconf 83' lang='lat' dir='ltr'><strong><em>pntm&#39;s</em></strong></span> <span class='ocrx_word' id='word_1_405' title='bbox 377 3459 527 3528; x_wconf 80' lang='lat' dir='ltr'><strong><em>huqustirtt&#39;,</em></strong></span> <span class='ocrx_word' id='word_1_406' title='bbox 540 3456 702 3510; x_wconf 86' lang='lat' dir='ltr'><strong><em>venerandae</em></strong></span> <span class='ocrx_word' id='word_1_407' title='bbox 722 3456 862 3509; x_wconf 87' lang='lat' dir='ltr'><strong><em>memoriae</em></strong></span> <span class='ocrx_word' id='word_1_408' title='bbox 883 3458 1005 3526; x_wconf 85' lang='lat' dir='ltr'><strong><em>episcopi,</em></strong></span> <span class='ocrx_word' id='word_1_409' title='bbox 1027 3461 1158 3528; x_wconf 87' lang='lat' dir='ltr'><strong><em>opusculis</em></strong></span> <span class='ocrx_word' id='word_1_410' title='bbox 1181 3463 1319 3532; x_wconf 89' lang='lat' dir='ltr'><strong><em>specialius</em></strong></span> <span class='ocrx_word' id='word_1_411' title='bbox 1339 3465 1471 3532; x_wconf 86' lang='lat' dir='ltr'><strong><em>elucescit,</em></strong></span> <span class='ocrx_word' id='word_1_412' title='bbox 1490 3484 1560 3539; x_wconf 88' lang='lat' dir='ltr'><strong><em>quas</em></strong></span> <span class='ocrx_word' id='word_1_413' title='bbox 1584 3472 1616 3527; x_wconf 86' lang='lat' dir='ltr'><strong><em>de</em></strong></span> <span class='ocrx_word' id='word_1_414' title='bbox 1638 3456 1738 3529; x_wconf 78' lang='lat' dir='ltr'><strong><em>docttiits</em></strong></span> 
     </span>
     <span class='ocr_line' id='line_1_35' title="bbox 131 3548 1738 3638; baseline 0.007 -29"><span class='ocrx_word' id='word_1_415' title='bbox 131 3555 281 3609; x_wconf 86' lang='lat' dir='ltr'><strong><em>Christiana</em></strong></span> <span class='ocrx_word' id='word_1_416' title='bbox 295 3554 449 3623; x_wconf 88' lang='lat' dir='ltr'><strong><em>composuit,</em></strong></span> <span class='ocrx_word' id='word_1_417' title='bbox 461 3552 488 3605; x_wconf 90' lang='lat' dir='ltr'><strong><em>in</em></strong></span> <span class='ocrx_word' id='word_1_418' title='bbox 500 3551 593 3622; x_wconf 88' lang='lat' dir='ltr'><strong><em>quihus</em></strong></span> <span class='ocrx_word' id='word_1_419' title='bbox 607 3548 645 3603; x_wconf 92' lang='lat' dir='ltr'><strong><em>vel</em></strong></span> <span class='ocrx_word' id='word_1_420' title='bbox 660 3551 773 3603; x_wconf 79' lang='lat' dir='ltr'><strong><em>nranime</em></strong></span> <span class='ocrx_word' id='word_1_421' title='bbox 782 3560 885 3603; x_wconf 90' lang='lat' dir='ltr'><strong><em>tuorum</em></strong></span> <span class='ocrx_word' id='word_1_422' title='bbox 900 3551 995 3621; x_wconf 86' lang='lat' dir='ltr'><strong><em>tihiqtte</em></strong></span> <span class='ocrx_word' id='word_1_423' title='bbox 1013 3554 1137 3608; x_wconf 89' lang='lat' dir='ltr'><strong><em>similium</em></strong></span> <span class='ocrx_word' id='word_1_424' title='bbox 1150 3556 1272 3626; x_wconf 78' lang='lat' dir='ltr'><strong><em>fiqmenta</em></strong></span> <span class='ocrx_word' id='word_1_425' title='bbox 1286 3570 1463 3629; x_wconf 87' lang='lat' dir='ltr'><strong><em>portentorum</em></strong></span> <span class='ocrx_word' id='word_1_426' title='bbox 1474 3565 1590 3620; x_wconf 72' lang='lat' dir='ltr'><strong><em>cawtda</em></strong></span> <span class='ocrx_word' id='word_1_427' title='bbox 1602 3568 1738 3638; x_wconf 72' lang='lat' dir='ltr'><strong><em>etlspiealt</em></strong></span> 
     </span>
     <span class='ocr_line' id='line_1_36' title="bbox 130 3643 1740 3726; baseline 0.009 -22"><span class='ocrx_word' id='word_1_428' title='bbox 130 3649 311 3704; x_wconf 85' lang='lat' dir='ltr'><strong><em>eruditissima</em></strong></span> <span class='ocrx_word' id='word_1_429' title='bbox 332 3645 478 3699; x_wconf 83' lang='lat' dir='ltr'><strong><em>tsuurilitate</em></strong></span> <span class='ocrx_word' id='word_1_430' title='bbox 490 3643 685 3707; x_wconf 88' lang='lat' dir='ltr'><strong><em>humillimaque</em></strong></span> <span class='ocrx_word' id='word_1_431' title='bbox 695 3643 840 3697; x_wconf 86' lang='lat' dir='ltr'><strong><em>eruditione</em></strong></span> <span class='ocrx_word' id='word_1_432' title='bbox 850 3652 874 3697; x_wconf 91' lang='grc' dir='ltr'><strong><em>ει</em></strong></span> <span class='ocrx_word' id='word_1_433' title='bbox 884 3647 970 3699; x_wconf 77' lang='lat' dir='ltr'><strong><em>sonuit</em></strong></span> <span class='ocrx_word' id='word_1_434' title='bbox 980 3656 1004 3699; x_wconf 90' lang='lat' dir='ltr'><strong><em>et</em></strong></span> <span class='ocrx_word' id='word_1_435' title='bbox 1014 3646 1111 3700; x_wconf 86' lang='lat' dir='ltr'><strong><em>docuit.</em></strong></span> <span class='ocrx_word' id='word_1_436' title='bbox 1125 3647 1233 3704; x_wconf 86' lang='lat' dir='ltr'><strong><em>Necnon</em></strong></span> <span class='ocrx_word' id='word_1_437' title='bbox 1248 3653 1274 3706; x_wconf 90' lang='lat' dir='ltr'><strong><em>in</em></strong></span> <span class='ocrx_word' id='word_1_438' title='bbox 1287 3653 1350 3718; x_wconf 89' lang='lat' dir='ltr'><strong><em>illis,</em></strong></span> <span class='ocrx_word' id='word_1_439' title='bbox 1367 3671 1431 3724; x_wconf 90' lang='lat' dir='ltr'><strong><em>quos</em></strong></span> <span class='ocrx_word' id='word_1_440' title='bbox 1444 3659 1627 3726; x_wconf 87' lang='lat' dir='ltr'><strong><em>quaestionum</em></strong></span> <span class='ocrx_word' id='word_1_441' title='bbox 1640 3662 1676 3718; x_wconf 88' lang='lat' dir='ltr'><strong><em>vel</em></strong></span> <span class='ocrx_word' id='word_1_442' title='bbox 1686 3663 1740 3717; x_wconf 82' lang='lat' dir='ltr'><strong><em>tm·</em></strong></span> 
     </span>
     <span class='ocr_line' id='line_1_37' title="bbox 130 3736 1741 3829; baseline 0.01 -31"><span class='ocrx_word' id='word_1_443' title='bbox 130 3747 231 3797; x_wconf 88' lang='lat' dir='ltr'><strong><em>tionum</em></strong></span> <span class='ocrx_word' id='word_1_444' title='bbox 244 3737 384 3810; x_wconf 85' lang='lat' dir='ltr'><strong><em>Eptatenci</em></strong></span> <span class='ocrx_word' id='word_1_445' title='bbox 396 3736 508 3791; x_wconf 89' lang='lat' dir='ltr'><strong><em>mirahili</em></strong></span> <span class='ocrx_word' id='word_1_446' title='bbox 525 3737 698 3791; x_wconf 88' lang='lat' dir='ltr'><strong><em>elucidatione</em></strong></span> <span class='ocrx_word' id='word_1_447' title='bbox 715 3748 836 3792; x_wconf 74' lang='lat' dir='ltr'><strong><em>exoratos</em></strong></span> <span class='ocrx_word' id='word_1_448' title='bbox 848 3739 951 3793; x_wconf 85' lang='lat' dir='ltr'><strong><em>nomiae</em></strong></span> <span class='ocrx_word' id='word_1_449' title='bbox 964 3739 1043 3794; x_wconf 89' lang='lat' dir='ltr'><strong><em>votuit</em></strong></span> <span class='ocrx_word' id='word_1_450' title='bbox 1057 3745 1215 3811; x_wconf 88' lang='lat' dir='ltr'><strong><em>praenotari.</em></strong></span> <span class='ocrx_word' id='word_1_451' title='bbox 1230 3744 1401 3803; x_wconf 79' lang='lat' dir='ltr'><strong><em>Beatissimae</em></strong></span> <span class='ocrx_word' id='word_1_452' title='bbox 1410 3767 1510 3822; x_wconf 86' lang='lat' dir='ltr'><strong><em>quoquc</em></strong></span> <span class='ocrx_word' id='word_1_453' title='bbox 1525 3754 1741 3829; x_wconf 72' lang='lat' dir='ltr'><strong><em>dteraapmvpv</em></strong></span> 
     </span>
     <span class='ocr_line' id='line_1_38' title="bbox 130 3830 1742 3926; baseline 0.005 -36"><span class='ocrx_word' id='word_1_454' title='bbox 130 3836 282 3906; x_wconf 85' lang='lat' dir='ltr'><strong><em>linquarum</em></strong></span> <span class='ocrx_word' id='word_1_455' title='bbox 293 3842 369 3901; x_wconf 91' lang='lat' dir='ltr'><strong><em>atque</em></strong></span> <span class='ocrx_word' id='word_1_456' title='bbox 379 3830 503 3884; x_wconf 88' lang='lat' dir='ltr'><strong><em>lihrorunr</em></strong></span> <span class='ocrx_word' id='word_1_457' title='bbox 517 3831 608 3886; x_wconf 82' lang='lat' dir='ltr'><strong><em>titteris</em></strong></span> <span class='ocrx_word' id='word_1_458' title='bbox 618 3831 856 3901; x_wconf 76' lang='lat' dir='ltr'><strong><em>incomparabiliter</em></strong></span> <span class='ocrx_word' id='word_1_459' title='bbox 864 3833 992 3900; x_wconf 86' lang='lat' dir='ltr'><strong><em>cruditus,</em></strong></span> <span class='ocrx_word' id='word_1_460' title='bbox 1000 3835 1027 3888; x_wconf 90' lang='lat' dir='ltr'><strong><em>in</em></strong></span> <span class='ocrx_word' id='word_1_461' title='bbox 1037 3836 1165 3901; x_wconf 88' lang='lat' dir='ltr'><strong><em>omnihus,</em></strong></span> <span class='ocrx_word' id='word_1_462' title='bbox 1177 3849 1229 3893; x_wconf 91' lang='lat' dir='ltr'><strong><em>tom</em></strong></span> <span class='ocrx_word' id='word_1_463' title='bbox 1240 3841 1405 3911; x_wconf 88' lang='lat' dir='ltr'><strong><em>propheticis,</em></strong></span> <span class='ocrx_word' id='word_1_464' title='bbox 1416 3861 1495 3914; x_wconf 88' lang='lat' dir='ltr'><strong><em>quam</em></strong></span> <span class='ocrx_word' id='word_1_465' title='bbox 1509 3855 1658 3918; x_wconf 86' lang='lat' dir='ltr'><strong><em>apostolicis</em></strong></span> <span class='ocrx_word' id='word_1_466' title='bbox 1666 3856 1742 3926; x_wconf 61' lang='lat' dir='ltr'><strong><em>expia</em></strong></span> 
     </span>
     <span class='ocr_line' id='line_1_39' title="bbox 131 3925 1743 4021; baseline 0.007 -40"><span class='ocrx_word' id='word_1_467' title='bbox 131 3926 293 3992; x_wconf 89' lang='lat' dir='ltr'><strong><em>nationihus,</em></strong></span> <span class='ocrx_word' id='word_1_468' title='bbox 307 3926 334 3979; x_wconf 87' lang='lat' dir='ltr'><strong><em>id</em></strong></span> <span class='ocrx_word' id='word_1_469' title='bbox 347 3926 396 3980; x_wconf 89' lang='lat' dir='ltr'><strong><em>sihi</em></strong></span> <span class='ocrx_word' id='word_1_470' title='bbox 406 3941 567 3995; x_wconf 87' lang='lat' dir='ltr'><strong><em>summopere</em></strong></span> <span class='ocrx_word' id='word_1_471' title='bbox 579 3925 659 3980; x_wconf 88' lang='lat' dir='ltr'><strong><em>studii</em></strong></span> <span class='ocrx_word' id='word_1_472' title='bbox 672 3926 753 3995; x_wconf 76' lang='lat' dir='ltr'><strong><em>{uisse</em></strong></span> <span class='ocrx_word' id='word_1_473' title='bbox 766 3927 881 3998; x_wconf 83' lang='lat' dir='ltr'><strong><em>rrehrius</em></strong></span> <span class='ocrx_word' id='word_1_474' title='bbox 893 3927 1042 3998; x_wconf 87' lang='lat' dir='ltr'><strong><em>replicando</em></strong></span> <span class='ocrx_word' id='word_1_475' title='bbox 1057 3931 1181 3997; x_wconf 87' lang='lat' dir='ltr'><strong><em>inculcat,</em></strong></span> <span class='ocrx_word' id='word_1_476' title='bbox 1196 3934 1280 3989; x_wconf 88' lang='lat' dir='ltr'><strong><em>malle</em></strong></span> <span class='ocrx_word' id='word_1_477' title='bbox 1290 3954 1336 4005; x_wconf 88' lang='lat' dir='ltr'><strong><em>per</em></strong></span> <span class='ocrx_word' id='word_1_478' title='bbox 1354 3955 1380 3992; x_wconf 88' lang='lat' dir='ltr'><strong><em>se</em></strong></span> <span class='ocrx_word' id='word_1_479' title='bbox 1395 3951 1547 3999; x_wconf 76' lang='lat' dir='ltr'><strong><em>satiatorum</em></strong></span> <span class='ocrx_word' id='word_1_480' title='bbox 1561 3947 1743 4021; x_wconf 51' lang='lat' dir='ltr'><strong><em>scripum„</em></strong></span> 
     </span>
     <span class='ocr_line' id='line_1_40' title="bbox 130 4021 1746 4118; baseline 0.014 -44"><span class='ocrx_word' id='word_1_481' title='bbox 130 4023 201 4074; x_wconf 92' lang='lat' dir='ltr'><strong><em>dicto</em></strong></span> <span class='ocrx_word' id='word_1_482' title='bbox 211 4021 331 4092; x_wconf 89' lang='lat' dir='ltr'><strong><em>intelliqi,</em></strong></span> <span class='ocrx_word' id='word_1_483' title='bbox 343 4037 424 4093; x_wconf 89' lang='lat' dir='ltr'><strong><em>quam</em></strong></span> <span class='ocrx_word' id='word_1_484' title='bbox 436 4021 566 4076; x_wconf 85' lang='lat' dir='ltr'><strong><em>rhetorum</em></strong></span> <span class='ocrx_word' id='word_1_485' title='bbox 579 4022 759 4077; x_wconf 88' lang='lat' dir='ltr'><strong><em>controversiis</em></strong></span> <span class='ocrx_word' id='word_1_486' title='bbox 771 4024 904 4078; x_wconf 83' lang='lat' dir='ltr'><strong><em>inseruire.</em></strong></span> <span class='ocrx_word' id='word_1_487' title='bbox 920 4023 1068 4080; x_wconf 85' lang='lat' dir='ltr'><strong><em>imtructus</em></strong></span> <span class='ocrx_word' id='word_1_488' title='bbox 1079 4028 1195 4107; x_wconf 77' lang='lat' dir='ltr'><strong><em>videlieet</em></strong></span> <span class='ocrx_word' id='word_1_489' title='bbox 1209 4035 1335 4088; x_wconf 88' lang='lat' dir='ltr'><strong><em>tremendi</em></strong></span> <span class='ocrx_word' id='word_1_490' title='bbox 1350 4037 1450 4105; x_wconf 76' lang='lat' dir='ltr'><strong><em>judicis</em></strong></span> <span class='ocrx_word' id='word_1_491' title='bbox 1462 4041 1579 4109; x_wconf 85' lang='lat' dir='ltr'><strong><em>verhsre,</em></strong></span> <span class='ocrx_word' id='word_1_492' title='bbox 1591 4061 1643 4116; x_wconf 84' lang='lat' dir='ltr'><strong><em>quv</em></strong></span> <span class='ocrx_word' id='word_1_493' title='bbox 1655 4059 1746 4118; x_wconf 75' lang='lat' dir='ltr'><strong><em>propter</em></strong></span> 
     </span>
     <span class='ocr_line' id='line_1_41' title="bbox 90 4112 1746 4208; baseline 0.014 -40"><span class='ocrx_word' id='word_1_494' title='bbox 90 4130 94 4137; x_wconf 85' lang='grc'><strong><em>’</em></strong></span> <span class='ocrx_word' id='word_1_495' title='bbox 130 4114 238 4169; x_wconf 88' lang='lat' dir='ltr'><strong><em>nimivm</em></strong></span> <span class='ocrx_word' id='word_1_496' title='bbox 259 4112 390 4170; x_wconf 88' lang='lat' dir='ltr'><strong><em>Ciceronis</em></strong></span> <span class='ocrx_word' id='word_1_497' title='bbox 401 4115 533 4170; x_wconf 88' lang='lat' dir='ltr'><strong><em>lectionem</em></strong></span> <span class='ocrx_word' id='word_1_498' title='bbox 545 4116 673 4170; x_wconf 87' lang='lat' dir='ltr'><strong><em>adductus</em></strong></span> <span class='ocrx_word' id='word_1_499' title='bbox 683 4119 828 4188; x_wconf 85' lang='lat' dir='ltr'><strong><em>acriterque</em></strong></span> <span class='ocrx_word' id='word_1_500' title='bbox 839 4134 930 4172; x_wconf 89' lang='lat' dir='ltr'><strong><em>coesus</em></strong></span> <span class='ocrx_word' id='word_1_501' title='bbox 942 4120 1045 4174; x_wconf 90' lang='lat' dir='ltr'><strong><em>tandem</em></strong></span> <span class='ocrx_word' id='word_1_502' title='bbox 1059 4122 1282 4181; x_wconf 87' lang='lat' dir='ltr'><strong><em>circumstantium</em></strong></span> <span class='ocrx_word' id='word_1_503' title='bbox 1293 4131 1410 4197; x_wconf 85' lang='lat' dir='ltr'><strong><em>precihus</em></strong></span> <span class='ocrx_word' id='word_1_504' title='bbox 1426 4131 1562 4202; x_wconf 81' lang='lat' dir='ltr'><strong><em>liberatus,</em></strong></span> <span class='ocrx_word' id='word_1_505' title='bbox 1576 4138 1710 4208; x_wconf 78' lang='lat' dir='ltr'><strong><em>juraverat</em></strong></span> <span class='ocrx_word' id='word_1_506' title='bbox 1725 4157 1746 4197; x_wconf 83' lang='lat' dir='ltr'><strong><em>ss</em></strong></span> 
     </span>
     <span class='ocr_line' id='line_1_42' title="bbox 129 4205 1748 4305; baseline 0.017 -42"><span class='ocrx_word' id='word_1_507' title='bbox 129 4205 261 4264; x_wconf 84' lang='lat' dir='ltr'><strong><em>Ciceronis</em></strong></span> <span class='ocrx_word' id='word_1_508' title='bbox 275 4210 355 4265; x_wconf 87' lang='lat' dir='ltr'><strong><em>lihrvs</em></strong></span> <span class='ocrx_word' id='word_1_509' title='bbox 368 4225 500 4281; x_wconf 90' lang='lat' dir='ltr'><strong><em>nunquam</em></strong></span> <span class='ocrx_word' id='word_1_510' title='bbox 517 4211 549 4263; x_wconf 86' lang='lat' dir='ltr'><strong><em>de</em></strong></span> <span class='ocrx_word' id='word_1_511' title='bbox 566 4220 648 4264; x_wconf 89' lang='lat' dir='ltr'><strong><em>cetera</em></strong></span> <span class='ocrx_word' id='word_1_512' title='bbox 661 4212 862 4276; x_wconf 86' lang='lat' dir='ltr'><strong><em>meditaturum,</em></strong></span> <span class='ocrx_word' id='word_1_513' title='bbox 884 4229 1016 4284; x_wconf 89' lang='lat' dir='ltr'><strong><em>nunquam</em></strong></span> <span class='ocrx_word' id='word_1_514' title='bbox 1038 4215 1174 4286; x_wconf 86' lang='lat' dir='ltr'><strong><em>lecturum,</em></strong></span> <span class='ocrx_word' id='word_1_515' title='bbox 1194 4221 1257 4291; x_wconf 92' lang='lat' dir='ltr'><strong><em>quin</em></strong></span> <span class='ocrx_word' id='word_1_516' title='bbox 1274 4225 1383 4292; x_wconf 86' lang='lat' dir='ltr'><strong><em>epistola</em></strong></span> <span class='ocrx_word' id='word_1_517' title='bbox 1402 4228 1437 4281; x_wconf 88' lang='lat' dir='ltr'><strong><em>od</em></strong></span> <span class='ocrx_word' id='word_1_518' title='bbox 1458 4226 1570 4285; x_wconf 83' lang='lat' dir='ltr'><strong><em>Galatas</em></strong></span> <span class='ocrx_word' id='word_1_519' title='bbox 1583 4242 1748 4305; x_wconf 76' lang='lat' dir='ltr'><strong><em>comensptust</em></strong></span> 
     </span>
     <span class='ocr_line' id='line_1_43' title="bbox 127 4292 805 4375; baseline 0.003 -18"><span class='ocrx_word' id='word_1_520' title='bbox 127 4303 208 4374; x_wconf 76' lang='lat' dir='ltr'><strong><em>hujus</em></strong></span> <span class='ocrx_word' id='word_1_521' title='bbox 222 4303 407 4375; x_wconf 84' lang='lat' dir='ltr'><strong><em>disputationis</em></strong></span> <span class='ocrx_word' id='word_1_522' title='bbox 419 4305 455 4358; x_wconf 90' lang='lat' dir='ltr'><strong><em>ita</em></strong></span> <span class='ocrx_word' id='word_1_523' title='bbox 469 4292 738 4374; x_wconf 80' lang='lat' dir='ltr'><strong><em>deprompsit,⁰dicens</em></strong></span> <span class='ocrx_word' id='word_1_524' title='bbox 751 4317 805 4361; x_wconf 81' lang='lat' dir='ltr'><strong><em>cet.</em></strong></span> 
     </span>
    </p>

    <p class='ocr_par' dir='ltr' id='par_1_7' title="bbox 125 4398 1750 4673">
     <span class='ocr_line' id='line_1_44' title="bbox 161 4398 1749 4494; baseline 0.019 -40"><span class='ocrx_word' id='word_1_525' title='bbox 161 4398 255 4469; x_wconf 84' lang='lat' dir='ltr'><strong><em>Capite</em></strong></span> <span class='ocrx_word' id='word_1_526' title='bbox 270 4400 348 4455; x_wconf 87' lang='lat' dir='ltr'><strong><em>tertio</em></strong></span> <span class='ocrx_word' id='word_1_527' title='bbox 369 4401 436 4455; x_wconf 79' lang='lat' dir='ltr'><strong><em>haec</em></strong></span> <span class='ocrx_word' id='word_1_528' title='bbox 459 4401 690 4471; x_wconf 63' lang='lat' dir='ltr'><strong><em>castanensium</em></strong></span> <span class='ocrx_word' id='word_1_529' title='bbox 716 4401 859 4473; x_wconf 72' lang='lat' dir='ltr'><strong><em>colligitur,</em></strong></span> <span class='ocrx_word' id='word_1_530' title='bbox 877 4401 1008 4458; x_wconf 82' lang='lat' dir='ltr'><strong><em>ioannem</em></strong></span> <span class='ocrx_word' id='word_1_531' title='bbox 1031 4404 1140 4462; x_wconf 88' lang='lat' dir='ltr'><strong><em>Scotum</em></strong></span> <span class='ocrx_word' id='word_1_532' title='bbox 1165 4410 1364 4471; x_wconf 78' lang='lat' dir='ltr'><strong><em>ecclesiasticae</em></strong></span> <span class='ocrx_word' id='word_1_533' title='bbox 1388 4416 1527 4489; x_wconf 74' lang='lat' dir='ltr'><strong><em>dignitatis</em></strong></span> <span class='ocrx_word' id='word_1_534' title='bbox 1546 4424 1681 4494; x_wconf 70' lang='lat' dir='ltr'><strong><em>gradibus</em></strong></span> <span class='ocrx_word' id='word_1_535' title='bbox 1703 4441 1749 4482; x_wconf 87' lang='lat' dir='ltr'><strong><em>uou</em></strong></span> 
     </span>
     <span class='ocr_line' id='line_1_45' title="bbox 127 4490 1750 4591; baseline 0.015 -47"><span class='ocrx_word' id='word_1_536' title='bbox 127 4490 211 4547; x_wconf 83' lang='lat' dir='ltr'><strong><em>luisse</em></strong></span> <span class='ocrx_word' id='word_1_537' title='bbox 224 4491 378 4562; x_wconf 84' lang='lat' dir='ltr'><strong><em>insignitum</em></strong></span> <span class='ocrx_word' id='word_1_538' title='bbox 396 4508 402 4544; x_wconf 94' lang='lat'><strong>:</strong></span> <span class='ocrx_word' id='word_1_539' title='bbox 423 4490 488 4556; x_wconf 86' lang='lat' dir='ltr'><strong><em>Quis</em></strong></span> <span class='ocrx_word' id='word_1_540' title='bbox 504 4501 529 4545; x_wconf 91' lang='lat' dir='ltr'><strong><em>te</em></strong></span> <span class='ocrx_word' id='word_1_541' title='bbox 546 4491 697 4558; x_wconf 87' lang='lat' dir='ltr'><strong><em>harharum,</em></strong></span> <span class='ocrx_word' id='word_1_542' title='bbox 726 4502 749 4546; x_wconf 93' lang='lat' dir='ltr'><strong><em>et</em></strong></span> <span class='ocrx_word' id='word_1_543' title='bbox 771 4493 857 4546; x_wconf 90' lang='lat' dir='ltr'><strong><em>nullus</em></strong></span> <span class='ocrx_word' id='word_1_544' title='bbox 872 4492 1060 4551; x_wconf 84' lang='lat' dir='ltr'><strong><em>ecclesiasticae</em></strong></span> <span class='ocrx_word' id='word_1_545' title='bbox 1080 4499 1214 4569; x_wconf 88' lang='lat' dir='ltr'><strong><em>diqnitatis</em></strong></span> <span class='ocrx_word' id='word_1_546' title='bbox 1228 4506 1352 4573; x_wconf 89' lang='lat' dir='ltr'><strong><em>qradihus</em></strong></span> <span class='ocrx_word' id='word_1_547' title='bbox 1364 4509 1533 4580; x_wconf 65' lang='lat' dir='ltr'><strong><em>‚insiqnitum</em></strong></span> <span class='ocrx_word' id='word_1_548' title='bbox 1547 4529 1597 4569; x_wconf 89' lang='lat' dir='ltr'><strong><em>nec</em></strong></span> <span class='ocrx_word' id='word_1_549' title='bbox 1613 4535 1750 4591; x_wconf 67' lang='lat' dir='ltr'><strong><em>unquam</em></strong></span> 
     </span>
     <span class='ocr_line' id='line_1_46' title="bbox 125 4584 1750 4673; baseline 0.012 -34"><span class='ocrx_word' id='word_1_550' title='bbox 125 4585 260 4641; x_wconf 79' lang='lat' dir='ltr'><strong><em>catholicis</em></strong></span> <span class='ocrx_word' id='word_1_551' title='bbox 271 4585 604 4655; x_wconf 87' lang='lat' dir='ltr'><strong><em>imiqniendum,ndversus</em></strong></span> <span class='ocrx_word' id='word_1_552' title='bbox 612 4584 825 4641; x_wconf 85' lang='lat' dir='ltr'><strong><em>llomnnoeurhis</em></strong></span> <span class='ocrx_word' id='word_1_553' title='bbox 835 4597 860 4640; x_wconf 92' lang='lat' dir='ltr'><strong><em>et</em></strong></span> <span class='ocrx_word' id='word_1_554' title='bbox 870 4588 1027 4655; x_wconf 88' lang='lat' dir='ltr'><strong><em>apostolicae</em></strong></span> <span class='ocrx_word' id='word_1_555' title='bbox 1035 4593 1250 4650; x_wconf 88' lang='lat' dir='ltr'><strong><em>sedisuutistitent</em></strong></span> <span class='ocrx_word' id='word_1_556' title='bbox 1258 4595 1444 4670; x_wconf 82' lang='lat' dir='ltr'><strong><em>Grequium...</em></strong></span> <span class='ocrx_word' id='word_1_557' title='bbox 1458 4609 1551 4664; x_wconf 86' lang='lat' dir='ltr'><strong><em>audiat</em></strong></span> <span class='ocrx_word' id='word_1_558' title='bbox 1559 4611 1750 4673; x_wconf 59' lang='lat' dir='ltr'><strong><em>astaram:</em></strong></span> 
     </span>
    </p>

    <p class='ocr_par' dir='ltr' id='par_1_8' title="bbox 161 4679 1039 4749">
     <span class='ocr_line' id='line_1_47' title="bbox 161 4679 1039 4749; baseline 0.01 -17"><span class='ocrx_word' id='word_1_559' title='bbox 161 4679 256 4748; x_wconf 79' lang='lat' dir='ltr'><strong><em>Cupite</em></strong></span> <span class='ocrx_word' id='word_1_560' title='bbox 271 4680 375 4734; x_wconf 78' lang='lat' dir='ltr'><strong><em>tlocimo</em></strong></span> <span class='ocrx_word' id='word_1_561' title='bbox 385 4691 482 4749; x_wconf 85' lang='lat' dir='ltr'><strong><em>qtturtv</em></strong></span> <span class='ocrx_word' id='word_1_562' title='bbox 494 4681 655 4738; x_wconf 84' lang='lat' dir='ltr'><strong><em>Prtrdeatius</em></strong></span> <span class='ocrx_word' id='word_1_563' title='bbox 668 4698 728 4738; x_wconf 85' lang='lat' dir='ltr'><strong><em>cvra</em></strong></span> <span class='ocrx_word' id='word_1_564' title='bbox 743 4684 917 4740; x_wconf 81' lang='lat' dir='ltr'><strong><em>acerbissima</em></strong></span> <span class='ocrx_word' id='word_1_565' title='bbox 932 4684 1039 4741; x_wconf 81' lang='lat' dir='ltr'><strong><em>ironia:</em></strong></span> 
     </span>
    </p>

    <p class='ocr_par' dir='ltr' id='par_1_9' title="bbox 128 4767 1753 5065">
     <span class='ocr_line' id='line_1_48' title="bbox 164 4767 1741 4873; baseline 0.023 -54"><span class='ocrx_word' id='word_1_566' title='bbox 164 4767 200 4821; x_wconf 83' lang='lat' dir='ltr'><strong><em>Te</em></strong></span> <span class='ocrx_word' id='word_1_567' title='bbox 215 4767 310 4830; x_wconf 88' lang='lat' dir='ltr'><strong><em>solum,</em></strong></span> <span class='ocrx_word' id='word_1_568' title='bbox 323 4768 418 4836; x_wconf 89' lang='lat' dir='ltr'><strong><em>inquit,</em></strong></span> <span class='ocrx_word' id='word_1_569' title='bbox 433 4770 547 4823; x_wconf 87' lang='lat' dir='ltr'><strong><em>onmium</em></strong></span> <span class='ocrx_word' id='word_1_570' title='bbox 564 4767 742 4826; x_wconf 86' lang='lat' dir='ltr'><strong><em>acutissimum</em></strong></span> <span class='ocrx_word' id='word_1_571' title='bbox 756 4770 858 4827; x_wconf 88' lang='lat' dir='ltr'><strong><em>Galliae</em></strong></span> <span class='ocrx_word' id='word_1_572' title='bbox 875 4778 1020 4831; x_wconf 89' lang='lat' dir='ltr'><strong><em>transmisit</em></strong></span> <span class='ocrx_word' id='word_1_573' title='bbox 1034 4777 1169 4845; x_wconf 86' lang='lat' dir='ltr'><strong><em>ilihernio,</em></strong></span> <span class='ocrx_word' id='word_1_574' title='bbox 1183 4791 1220 4846; x_wconf 89' lang='lat' dir='ltr'><strong><em>ut,</em></strong></span> <span class='ocrx_word' id='word_1_575' title='bbox 1235 4801 1303 4853; x_wconf 89' lang='lat' dir='ltr'><strong><em>qaae</em></strong></span> <span class='ocrx_word' id='word_1_576' title='bbox 1319 4786 1407 4843; x_wconf 91' lang='lat' dir='ltr'><strong><em>nullus</em></strong></span> <span class='ocrx_word' id='word_1_577' title='bbox 1419 4790 1517 4864; x_wconf 79' lang='lat' dir='ltr'><strong><em>atque</em></strong></span> <span class='ocrx_word' id='word_1_578' title='bbox 1527 4803 1553 4852; x_wconf 87' lang='lat' dir='ltr'><strong><em>ts</em></strong></span> <span class='ocrx_word' id='word_1_579' title='bbox 1565 4800 1741 4873; x_wconf 79' lang='lat' dir='ltr'><strong><em>scitopotesm</em></strong></span> 
     </span>
     <span class='ocr_line' id='line_1_49' title="bbox 128 4848 1753 4954; baseline 0.017 -38"><span class='ocrx_word' id='word_1_580' title='bbox 128 4857 179 4916; x_wconf 79' lang='lat' dir='ltr'><strong><em>lats</em></strong></span> <span class='ocrx_word' id='word_1_581' title='bbox 195 4862 384 4915; x_wconf 81' lang='lat' dir='ltr'><strong><em>cruditionibus</em></strong></span> <span class='ocrx_word' id='word_1_582' title='bbox 397 4864 531 4916; x_wconf 80' lang='lat' dir='ltr'><strong><em>adtineret.</em></strong></span> <span class='ocrx_word' id='word_1_583' title='bbox 549 4862 601 4918; x_wconf 78' lang='lat' dir='ltr'><strong><em>Sei</em></strong></span> <span class='ocrx_word' id='word_1_584' title='bbox 616 4866 691 4927; x_wconf 87' lang='lat' dir='ltr'><strong><em>ohsit,</em></strong></span> <span class='ocrx_word' id='word_1_585' title='bbox 715 4878 742 4920; x_wconf 89' lang='lat' dir='ltr'><strong><em>ut</em></strong></span> <span class='ocrx_word' id='word_1_586' title='bbox 759 4857 856 4923; x_wconf 83' lang='lat' dir='ltr'><strong><em>Geltico</em></strong></span> <span class='ocrx_word' id='word_1_587' title='bbox 871 4871 1016 4942; x_wconf 87' lang='lat' dir='ltr'><strong><em>eloquentia</em></strong></span> <span class='ocrx_word' id='word_1_588' title='bbox 1029 4885 1066 4928; x_wconf 91' lang='lat' dir='ltr'><strong><em>tot</em></strong></span> <span class='ocrx_word' id='word_1_589' title='bbox 1079 4878 1207 4946; x_wconf 81' lang='lat' dir='ltr'><strong><em>tantisque</em></strong></span> <span class='ocrx_word' id='word_1_590' title='bbox 1217 4880 1355 4948; x_wconf 74' lang='lat' dir='ltr'><strong><em>fluviorum</em></strong></span> <span class='ocrx_word' id='word_1_591' title='bbox 1367 4888 1590 4949; x_wconf 76' lang='lat' dir='ltr'><strong><em>exundationibus</em></strong></span> <span class='ocrx_word' id='word_1_592' title='bbox 1604 4876 1665 4954; x_wconf 68' lang='lat' dir='ltr'><strong><em>tau</em></strong></span> <span class='ocrx_word' id='word_1_593' title='bbox 1679 4848 1753 4954; x_wconf 52' lang='lat' dir='ltr'><strong><em>past:</em></strong></span> 
     </span>
     <span class='ocr_line' id='line_1_50' title="bbox 128 4957 1753 5065; baseline 0.019 -53"><span class='ocrx_word' id='word_1_594' title='bbox 128 4958 237 5012; x_wconf 79' lang='lat' dir='ltr'><strong><em>dationes</em></strong></span> <span class='ocrx_word' id='word_1_595' title='bbox 253 4957 390 5020; x_wconf 89' lang='lat' dir='ltr'><strong><em>admittat,</em></strong></span> <span class='ocrx_word' id='word_1_596' title='bbox 406 4958 522 5026; x_wconf 86' lang='lat' dir='ltr'><strong><em>quumvis</em></strong></span> <span class='ocrx_word' id='word_1_597' title='bbox 543 4957 708 5014; x_wconf 77' lang='lat' dir='ltr'><strong><em>Gtrrtsttnnae</em></strong></span> <span class='ocrx_word' id='word_1_598' title='bbox 728 4961 883 5018; x_wconf 88' lang='lat' dir='ltr'><strong><em>humilitatis</em></strong></span> <span class='ocrx_word' id='word_1_599' title='bbox 902 4968 1041 5023; x_wconf 85' lang='lat' dir='ltr'><strong><em>eminentia</em></strong></span> <span class='ocrx_word' id='word_1_600' title='bbox 1063 4972 1186 5026; x_wconf 88' lang='lat' dir='ltr'><strong><em>alterutro</em></strong></span> <span class='ocrx_word' id='word_1_601' title='bbox 1213 4978 1329 5030; x_wconf 76' lang='lat' dir='ltr'><strong><em>caritasis</em></strong></span> <span class='ocrx_word' id='word_1_602' title='bbox 1349 4981 1430 5050; x_wconf 77' lang='lat' dir='ltr'><strong><em>officio</em></strong></span> <span class='ocrx_word' id='word_1_603' title='bbox 1456 4983 1569 5043; x_wconf 79' lang='lat' dir='ltr'><strong><em>uicissittt</em></strong></span> <span class='ocrx_word' id='word_1_604' title='bbox 1591 4996 1753 5065; x_wconf 68' lang='lat' dir='ltr'><strong><em>mppeditmi</em></strong></span> 
     </span>
    </p>
   </div>
   <div class='ocr_carea' id='block_1_5' title="bbox 127 5049 1750 5209">
    <p class='ocr_par' dir='ltr' id='par_1_10' title="bbox 127 5049 1750 5209">
     <span class='ocr_line' id='line_1_51' title="bbox 127 5049 1750 5154; baseline 0.018 -50"><span class='ocrx_word' id='word_1_605' title='bbox 127 5051 234 5104; x_wconf 89' lang='lat' dir='ltr'><strong><em>minime</em></strong></span> <span class='ocrx_word' id='word_1_606' title='bbox 246 5049 390 5119; x_wconf 90' lang='lat' dir='ltr'><strong><em>prohiheot,</em></strong></span> <span class='ocrx_word' id='word_1_607' title='bbox 404 5049 483 5149; x_wconf 74' lang='lat' dir='ltr'><strong><em>immo</em></strong></span> <span class='ocrx_word' id='word_1_608' title='bbox 498 5051 667 5117; x_wconf 88' lang='lat' dir='ltr'><strong><em>undecunque</em></strong></span> <span class='ocrx_word' id='word_1_609' title='bbox 685 5054 848 5108; x_wconf 86' lang='lat' dir='ltr'><strong><em>commodum</em></strong></span> <span class='ocrx_word' id='word_1_610' title='bbox 873 5057 992 5124; x_wconf 76' lang='lat' dir='ltr'><strong><em>duxerit,</em></strong></span> <span class='ocrx_word' id='word_1_611' title='bbox 1007 5061 1172 5132; x_wconf 87' lang='lat' dir='ltr'><strong><em>alternatim,</em></strong></span> <span class='ocrx_word' id='word_1_612' title='bbox 1195 5085 1261 5138; x_wconf 88' lang='lat' dir='ltr'><strong><em>quae</em></strong></span> <span class='ocrx_word' id='word_1_613' title='bbox 1276 5081 1346 5126; x_wconf 87' lang='lat' dir='ltr'><strong><em>recta</em></strong></span> <span class='ocrx_word' id='word_1_614' title='bbox 1360 5085 1440 5136; x_wconf 82' lang='lat' dir='ltr'><strong><em>srttrt.</em></strong></span> <span class='ocrx_word' id='word_1_615' title='bbox 1455 5078 1575 5136; x_wconf 72' lang='lat' dir='ltr'><strong><em>exhiheri</em></strong></span> <span class='ocrx_word' id='word_1_616' title='bbox 1588 5100 1750 5154; x_wconf 69' lang='lat' dir='ltr'><strong><em>mutuat.</em></strong></span> 
     </span>
     <span class='ocr_line' id='line_1_52' title="bbox 162 5136 799 5209; baseline -0.002 -13"><span class='ocrx_word' id='word_1_617' title='bbox 162 5140 283 5209; x_wconf 83' lang='lat' dir='ltr'><strong><em>Deitiqae</em></strong></span> <span class='ocrx_word' id='word_1_618' title='bbox 298 5136 436 5192; x_wconf 85' lang='lat' dir='ltr'><strong><em>Prudeatii</em></strong></span> <span class='ocrx_word' id='word_1_619' title='bbox 451 5138 519 5193; x_wconf 84' lang='lat' dir='ltr'><strong><em>lrher</em></strong></span> <span class='ocrx_word' id='word_1_620' title='bbox 531 5138 622 5193; x_wconf 85' lang='lat' dir='ltr'><strong><em>linitur</em></strong></span> <span class='ocrx_word' id='word_1_621' title='bbox 636 5139 678 5194; x_wconf 85' lang='lat' dir='ltr'><strong><em>his</em></strong></span> <span class='ocrx_word' id='word_1_622' title='bbox 692 5140 799 5195; x_wconf 83' lang='lat' dir='ltr'><strong><em>veritis:</em></strong></span> 
     </span>
    </p>
   </div>
   <div class='ocr_carea' id='block_1_6' title="bbox 126 5220 1753 5786">
    <p class='ocr_par' dir='ltr' id='par_1_11' title="bbox 126 5220 1753 5786">
     <span class='ocr_line' id='line_1_53' title="bbox 162 5220 1752 5335; baseline 0.016 -45"><span class='ocrx_word' id='word_1_623' title='bbox 162 5234 235 5291; x_wconf 75' lang='lat' dir='ltr'><strong><em>iliam</em></strong></span> <span class='ocrx_word' id='word_1_624' title='bbox 264 5244 300 5289; x_wconf 89' lang='lat' dir='ltr'><strong><em>est</em></strong></span> <span class='ocrx_word' id='word_1_625' title='bbox 328 5220 416 5288; x_wconf 83' lang='lat' dir='ltr'><strong><em>nvs&#39;tra</em></strong></span> <span class='ocrx_word' id='word_1_626' title='bbox 438 5233 525 5302; x_wconf 74' lang='lat' dir='ltr'><strong><em>fides,</em></strong></span> <span class='ocrx_word' id='word_1_627' title='bbox 550 5235 612 5304; x_wconf 87' lang='lat' dir='ltr'><strong><em>quia</em></strong></span> <span class='ocrx_word' id='word_1_628' title='bbox 643 5234 707 5288; x_wconf 91' lang='lat' dir='ltr'><strong><em>haec</em></strong></span> <span class='ocrx_word' id='word_1_629' title='bbox 735 5243 773 5288; x_wconf 90' lang='lat' dir='ltr'><strong><em>est</em></strong></span> <span class='ocrx_word' id='word_1_630' title='bbox 803 5252 881 5302; x_wconf 83' lang='lat' dir='ltr'><strong><em>tera,</em></strong></span> <span class='ocrx_word' id='word_1_631' title='bbox 913 5241 1073 5306; x_wconf 86' lang='lat' dir='ltr'><strong><em>prophetica,</em></strong></span> <span class='ocrx_word' id='word_1_632' title='bbox 1101 5243 1258 5311; x_wconf 88' lang='lat' dir='ltr'><strong><em>apostolica,</em></strong></span> <span class='ocrx_word' id='word_1_633' title='bbox 1279 5247 1423 5304; x_wconf 72' lang='lat' dir='ltr'><strong><em>orthodoxo</em></strong></span> <span class='ocrx_word' id='word_1_634' title='bbox 1437 5262 1515 5324; x_wconf 87' lang='lat' dir='ltr'><strong><em>otqu</em></strong></span> <span class='ocrx_word' id='word_1_635' title='bbox 1532 5259 1665 5317; x_wconf 80' lang='lat' dir='ltr'><strong><em>catholiea</em></strong></span> <span class='ocrx_word' id='word_1_636' title='bbox 1676 5266 1752 5335; x_wconf 74' lang='lat' dir='ltr'><strong><em>fides.</em></strong></span> 
     </span>
     <span class='ocr_line' id='line_1_54' title="bbox 128 5329 1752 5416; baseline 0.017 -32"><span class='ocrx_word' id='word_1_637' title='bbox 128 5331 251 5386; x_wconf 80' lang='lat' dir='ltr'><strong><em>Poteram</em></strong></span> <span class='ocrx_word' id='word_1_638' title='bbox 280 5329 383 5400; x_wconf 84' lang='lat' dir='ltr'><strong><em>quidem</em></strong></span> <span class='ocrx_word' id='word_1_639' title='bbox 399 5342 423 5382; x_wconf 92' lang='lat' dir='ltr'><strong><em>et</em></strong></span> <span class='ocrx_word' id='word_1_640' title='bbox 456 5329 511 5398; x_wconf 89' lang='lat' dir='ltr'><strong><em>ipse</em></strong></span> <span class='ocrx_word' id='word_1_641' title='bbox 544 5329 591 5382; x_wconf 89' lang='lat' dir='ltr'><strong><em>tihi</em></strong></span> <span class='ocrx_word' id='word_1_642' title='bbox 617 5330 702 5384; x_wconf 85' lang='lat' dir='ltr'><strong><em>dicere</em></strong></span> <span class='ocrx_word' id='word_1_643' title='bbox 725 5332 883 5396; x_wconf 86' lang='lat' dir='ltr'><strong><em>anathemo,</em></strong></span> <span class='ocrx_word' id='word_1_644' title='bbox 909 5334 959 5388; x_wconf 90' lang='lat' dir='ltr'><strong><em>nisi</em></strong></span> <span class='ocrx_word' id='word_1_645' title='bbox 983 5347 1202 5404; x_wconf 71' lang='lat' dir='ltr'><strong><em>exspectaremus</em></strong></span> <span class='ocrx_word' id='word_1_646' title='bbox 1234 5339 1337 5395; x_wconf 90' lang='lat' dir='ltr'><strong><em>trtollem</em></strong></span> <span class='ocrx_word' id='word_1_647' title='bbox 1362 5355 1386 5398; x_wconf 92' lang='lat' dir='ltr'><strong><em>et</em></strong></span> <span class='ocrx_word' id='word_1_648' title='bbox 1412 5357 1527 5416; x_wconf 85' lang='lat' dir='ltr'><strong><em>aptarem</em></strong></span> <span class='ocrx_word' id='word_1_649' title='bbox 1547 5355 1589 5408; x_wconf 85' lang='lat' dir='ltr'><strong><em>tui</em></strong></span> <span class='ocrx_word' id='word_1_650' title='bbox 1613 5360 1752 5416; x_wconf 73' lang='lat' dir='ltr'><strong><em>commiha-</em></strong></span> 
     </span>
     <span class='ocr_line' id='line_1_55' title="bbox 126 5420 1752 5518; baseline 0.018 -40"><span class='ocrx_word' id='word_1_651' title='bbox 126 5442 203 5488; x_wconf 82' lang='lat' dir='ltr'><strong><em>nem,</em></strong></span> <span class='ocrx_word' id='word_1_652' title='bbox 225 5439 305 5494; x_wconf 88' lang='lat' dir='ltr'><strong><em>quom</em></strong></span> <span class='ocrx_word' id='word_1_653' title='bbox 331 5425 511 5493; x_wconf 88' lang='lat' dir='ltr'><strong><em>perditionem.</em></strong></span> <span class='ocrx_word' id='word_1_654' title='bbox 531 5420 653 5479; x_wconf 78' lang='lat' dir='ltr'><strong><em>¹Proinde</em></strong></span> <span class='ocrx_word' id='word_1_655' title='bbox 683 5426 796 5479; x_wconf 88' lang='lat' dir='ltr'><strong><em>nvndtaa</em></strong></span> <span class='ocrx_word' id='word_1_656' title='bbox 820 5429 848 5480; x_wconf 91' lang='lat' dir='ltr'><strong><em>in</em></strong></span> <span class='ocrx_word' id='word_1_657' title='bbox 877 5439 902 5481; x_wconf 88' lang='lat' dir='ltr'><strong><em>te</em></strong></span> <span class='ocrx_word' id='word_1_658' title='bbox 935 5432 1095 5484; x_wconf 86' lang='lat' dir='ltr'><strong><em>seueritatem</em></strong></span> <span class='ocrx_word' id='word_1_659' title='bbox 1129 5435 1301 5490; x_wconf 89' lang='lat' dir='ltr'><strong><em>anathematis</em></strong></span> <span class='ocrx_word' id='word_1_660' title='bbox 1328 5437 1455 5506; x_wconf 77' lang='lat' dir='ltr'><strong><em>jaculor,</em></strong></span> <span class='ocrx_word' id='word_1_661' title='bbox 1487 5432 1616 5513; x_wconf 78' lang='lat' dir='ltr'><strong><em>quanam</em></strong></span> <span class='ocrx_word' id='word_1_662' title='bbox 1643 5453 1752 5518; x_wconf 83' lang='lat' dir='ltr'><strong><em>hortor,</em></strong></span> 
     </span>
     <span class='ocr_line' id='line_1_56' title="bbox 126 5520 1753 5602; baseline 0.017 -30"><span class='ocrx_word' id='word_1_663' title='bbox 126 5538 238 5582; x_wconf 79' lang='lat' dir='ltr'><strong><em>martra,</em></strong></span> <span class='ocrx_word' id='word_1_664' title='bbox 265 5529 289 5572; x_wconf 86' lang='lat' dir='ltr'><strong><em>et</em></strong></span> <span class='ocrx_word' id='word_1_665' title='bbox 314 5520 373 5571; x_wconf 85' lang='lat' dir='ltr'><strong><em>totis</em></strong></span> <span class='ocrx_word' id='word_1_666' title='bbox 399 5520 485 5575; x_wconf 89' lang='lat' dir='ltr'><strong><em>cordis</em></strong></span> <span class='ocrx_word' id='word_1_667' title='bbox 507 5520 643 5588; x_wconf 66' lang='lat' dir='ltr'><strong><em>affectibus</em></strong></span> <span class='ocrx_word' id='word_1_668' title='bbox 665 5537 747 5590; x_wconf 89' lang='lat' dir='ltr'><strong><em>roqo,</em></strong></span> <span class='ocrx_word' id='word_1_669' title='bbox 777 5532 804 5574; x_wconf 92' lang='lat' dir='ltr'><strong><em>ut</em></strong></span> <span class='ocrx_word' id='word_1_670' title='bbox 836 5535 950 5593; x_wconf 89' lang='lat' dir='ltr'><strong><em>respectu</em></strong></span> <span class='ocrx_word' id='word_1_671' title='bbox 976 5542 1103 5595; x_wconf 88' lang='lat' dir='ltr'><strong><em>supernae</em></strong></span> <span class='ocrx_word' id='word_1_672' title='bbox 1125 5531 1225 5598; x_wconf 83' lang='lat' dir='ltr'><strong><em>pratitae</em></strong></span> <span class='ocrx_word' id='word_1_673' title='bbox 1249 5532 1404 5600; x_wconf 81' lang='lat' dir='ltr'><strong><em>resipiscas,</em></strong></span> <span class='ocrx_word' id='word_1_674' title='bbox 1432 5545 1456 5589; x_wconf 87' lang='lat' dir='ltr'><strong><em>et</em></strong></span> <span class='ocrx_word' id='word_1_675' title='bbox 1478 5554 1494 5589; x_wconf 88' lang='lat' dir='ltr'><strong><em>a</em></strong></span> <span class='ocrx_word' id='word_1_676' title='bbox 1516 5553 1571 5596; x_wconf 88' lang='lat' dir='ltr'><strong><em>tam</em></strong></span> <span class='ocrx_word' id='word_1_677' title='bbox 1595 5543 1689 5600; x_wconf 81' lang='lat' dir='ltr'><strong><em>instuli</em></strong></span> <span class='ocrx_word' id='word_1_678' title='bbox 1712 5565 1753 5602; x_wconf 77' lang='lat' dir='ltr'><strong><em>re·</em></strong></span> 
     </span>
     <span class='ocr_line' id='line_1_57' title="bbox 126 5615 1752 5702; baseline 0.012 -38"><span class='ocrx_word' id='word_1_679' title='bbox 126 5624 199 5667; x_wconf 91' lang='lat' dir='ltr'><strong><em>terno</em></strong></span> <span class='ocrx_word' id='word_1_680' title='bbox 223 5615 328 5669; x_wconf 89' lang='lat' dir='ltr'><strong><em>taudem</em></strong></span> <span class='ocrx_word' id='word_1_681' title='bbox 350 5616 469 5686; x_wconf 84' lang='lat' dir='ltr'><strong><em>eviqilcs,</em></strong></span> <span class='ocrx_word' id='word_1_682' title='bbox 492 5626 516 5670; x_wconf 95' lang='lat' dir='ltr'><strong><em>et</em></strong></span> <span class='ocrx_word' id='word_1_683' title='bbox 539 5617 608 5687; x_wconf 73' lang='lat' dir='ltr'><strong><em>quoad</em></strong></span> <span class='ocrx_word' id='word_1_684' title='bbox 623 5616 771 5670; x_wconf 81' lang='lat' dir='ltr'><strong><em>Cltristiaaa</em></strong></span> <span class='ocrx_word' id='word_1_685' title='bbox 785 5620 1003 5687; x_wconf 90' lang='lat' dir='ltr'><strong><em>paritasseutiat,</em></strong></span> <span class='ocrx_word' id='word_1_686' title='bbox 1022 5624 1143 5692; x_wconf 77' lang='lat' dir='ltr'><strong><em>exquiras</em></strong></span> <span class='ocrx_word' id='word_1_687' title='bbox 1168 5624 1313 5690; x_wconf 85' lang='lat' dir='ltr'><strong><em>heneaulus,</em></strong></span> <span class='ocrx_word' id='word_1_688' title='bbox 1340 5628 1446 5684; x_wconf 88' lang='lat' dir='ltr'><strong><em>immitis</em></strong></span> <span class='ocrx_word' id='word_1_689' title='bbox 1464 5634 1657 5702; x_wconf 79' lang='lat' dir='ltr'><strong><em>apprehendas,</em></strong></span> <span class='ocrx_word' id='word_1_690' title='bbox 1682 5639 1752 5692; x_wconf 64' lang='lat' dir='ltr'><strong><em>mins</em></strong></span> 
     </span>
     <span class='ocr_line' id='line_1_58' title="bbox 128 5707 1749 5786; baseline 0.012 -29"><span class='ocrx_word' id='word_1_691' title='bbox 128 5707 283 5772; x_wconf 87' lang='lat' dir='ltr'><strong><em>acquiescas,</em></strong></span> <span class='ocrx_word' id='word_1_692' title='bbox 301 5721 450 5766; x_wconf 86' lang='lat' dir='ltr'><strong><em>mansuetus</em></strong></span> <span class='ocrx_word' id='word_1_693' title='bbox 462 5714 576 5776; x_wconf 82' lang='lat' dir='ltr'><strong><em>secteris,</em></strong></span> <span class='ocrx_word' id='word_1_694' title='bbox 590 5712 696 5765; x_wconf 78' lang='lat' dir='ltr'><strong><em>iteratus</em></strong></span> <span class='ocrx_word' id='word_1_695' title='bbox 708 5721 805 5778; x_wconf 88' lang='lat' dir='ltr'><strong><em>teneas,</em></strong></span> <span class='ocrx_word' id='word_1_696' title='bbox 816 5723 839 5766; x_wconf 89' lang='grc' dir='ltr'><strong><em>ει</em></strong></span> <span class='ocrx_word' id='word_1_697' title='bbox 853 5713 938 5782; x_wconf 70' lang='lat' dir='ltr'><strong><em>fidelis</em></strong></span> <span class='ocrx_word' id='word_1_698' title='bbox 949 5715 976 5770; x_wconf 94' lang='lat' dir='ltr'><strong><em>in</em></strong></span> <span class='ocrx_word' id='word_1_699' title='bbox 987 5716 1105 5771; x_wconf 88' lang='lat' dir='ltr'><strong><em>omnihus</em></strong></span> <span class='ocrx_word' id='word_1_700' title='bbox 1119 5721 1276 5775; x_wconf 78' lang='lat' dir='ltr'><strong><em>esseottaris.</em></strong></span> <span class='ocrx_word' id='word_1_701' title='bbox 1307 5719 1429 5778; x_wconf 88' lang='lat' dir='ltr'><strong><em>lleliaoae</em></strong></span> <span class='ocrx_word' id='word_1_702' title='bbox 1447 5728 1616 5783; x_wconf 80' lang='lat' dir='ltr'><strong><em>vrtaoriuism</em></strong></span> <span class='ocrx_word' id='word_1_703' title='bbox 1628 5732 1749 5786; x_wconf 67' lang='lat' dir='ltr'><strong><em>mutuaris</em></strong></span> 
     </span>
    </p>
   </div>
   <div class='ocr_carea' id='block_1_7' title="bbox 0 0 1996 6534">
    <p class='ocr_par' dir='ltr' id='par_1_12' title="bbox 0 0 1996 6534">
     <span class='ocr_line' id='line_1_59' title="bbox 0 0 1996 6534; baseline 0 3"><span class='ocrx_word' id='word_1_704' title='bbox 0 0 1996 6534; x_wconf 95' lang='lat' dir='ltr'><strong><em> </em></strong></span> 
     </span>
    </p>
   </div>
  </div>
 </body>
</html>
