<?xml version="1.0" encoding="UTF-8"?>
<!DOCTYPE html PUBLIC "-//W3C//DTD XHTML 1.0 Transitional//EN"
    "http://www.w3.org/TR/xhtml1/DTD/xhtml1-transitional.dtd">
<html xmlns="http://www.w3.org/1999/xhtml" xml:lang="en" lang="en">
 <head>
  <title>
</title>
<meta http-equiv="Content-Type" content="text/html;charset=utf-8" />
  <meta name='ocr-system' content='tesseract 3.04.00' />
  <meta name='ocr-capabilities' content='ocr_page ocr_carea ocr_par ocr_line ocrx_word'/>
</head>
<body>
  <div class='ocr_page' id='page_1' title='image "./operaquaesupers00flosgoog/operaquaesupers00flosgoog_0461.png"; bbox 0 0 3984 6534; ppageno 0'>
   <div class='ocr_carea' id='block_1_1' title="bbox 128 438 1770 501">
    <p class='ocr_par' dir='ltr' id='par_1_1' title="bbox 128 438 1770 501">
     <span class='ocr_line' id='line_1_1' title="bbox 128 438 1770 501; baseline -0.004 0"><span class='ocrx_word' id='word_1_1' title='bbox 128 443 180 501; x_wconf 80' lang='lat' dir='ltr'>stt</span> <span class='ocrx_word' id='word_1_2' title='bbox 827 439 968 500; x_wconf 80' lang='lat' dir='ltr'>tornius</span> <span class='ocrx_word' id='word_1_3' title='bbox 988 441 1087 500; x_wconf 75' lang='lat' dir='ltr'>subit</span> <span class='ocrx_word' id='word_1_4' title='bbox 1496 456 1502 465; x_wconf 88' lang='grc'>’</span> <span class='ocrx_word' id='word_1_5' title='bbox 1739 438 1770 495; x_wconf 60' lang='grc' dir='ltr'>Μ</span> 
     </span>
    </p>
   </div>
   <div class='ocr_carea' id='block_1_2' title="bbox 128 557 1769 2010">
    <p class='ocr_par' dir='ltr' id='par_1_2' title="bbox 128 557 1769 2010">
     <span class='ocr_line' id='line_1_2' title="bbox 129 557 1769 634; baseline -0.003 -14"><span class='ocrx_word' id='word_1_6' title='bbox 129 563 211 629; x_wconf 91' lang='lat' dir='ltr'>rium,</span> <span class='ocrx_word' id='word_1_7' title='bbox 224 560 324 634; x_wconf 90' lang='lat' dir='ltr'>quibus</span> <span class='ocrx_word' id='word_1_8' title='bbox 338 559 523 626; x_wconf 82' lang='lat' dir='ltr'>constituitur,</span> <span class='ocrx_word' id='word_1_9' title='bbox 531 574 586 617; x_wconf 89' lang='lat' dir='ltr'>uon</span> <span class='ocrx_word' id='word_1_10' title='bbox 601 557 827 616; x_wconf 71' lang='lat' dir='ltr'>irrationabiliter</span> <span class='ocrx_word' id='word_1_11' title='bbox 838 561 930 617; x_wconf 89' lang='lat' dir='ltr'>credi·</span> <span class='ocrx_word' id='word_1_12' title='bbox 943 566 969 627; x_wconf 72' lang='grc' dir='ltr'>Α</span> <span class='ocrx_word' id='word_1_13' title='bbox 981 563 1044 618; x_wconf 81' lang='lat' dir='ltr'>xisti</span> <span class='ocrx_word' id='word_1_14' title='bbox 1059 561 1145 628; x_wconf 89' lang='lat' dir='ltr'>enim,</span> <span class='ocrx_word' id='word_1_15' title='bbox 1162 576 1209 618; x_wconf 89' lang='lat' dir='ltr'>eas</span> <span class='ocrx_word' id='word_1_16' title='bbox 1221 569 1286 616; x_wconf 87' lang='lat' dir='ltr'>ante</span> <span class='ocrx_word' id='word_1_17' title='bbox 1306 574 1392 616; x_wconf 88' lang='lat' dir='ltr'>omne</span> <span class='ocrx_word' id='word_1_18' title='bbox 1412 569 1538 628; x_wconf 85' lang='lat' dir='ltr'>tempus</span> <span class='ocrx_word' id='word_1_19' title='bbox 1549 569 1712 628; x_wconf 84' lang='lat' dir='ltr'>omnemque</span> <span class='ocrx_word' id='word_1_20' title='bbox 1721 573 1769 615; x_wconf 76' lang='lat' dir='ltr'>eru</span> 
     </span>
     <span class='ocr_line' id='line_1_3' title="bbox 128 650 1768 725; baseline -0.001 -15"><span class='ocrx_word' id='word_1_21' title='bbox 128 666 271 710; x_wconf 87' lang='lat' dir='ltr'>musesse.</span> <span class='ocrx_word' id='word_1_22' title='bbox 286 652 326 707; x_wconf 81' lang='lat' dir='ltr'>Ea</span> <span class='ocrx_word' id='word_1_23' title='bbox 338 650 554 723; x_wconf 80' lang='lat' dir='ltr'><strong>incorporalibus</strong></span> <span class='ocrx_word' id='word_1_24' title='bbox 568 650 927 725; x_wconf 82' lang='lat' dir='ltr'>enimetintelligibilibus¹</span> <span class='ocrx_word' id='word_1_25' title='bbox 981 666 1070 714; x_wconf 92' lang='lat' dir='ltr'>turam</span> <span class='ocrx_word' id='word_1_26' title='bbox 1093 656 1179 712; x_wconf 87' lang='lat' dir='ltr'>lactas</span> <span class='ocrx_word' id='word_1_27' title='bbox 1198 654 1292 710; x_wconf 88' lang='lat' dir='ltr'>luisse.</span> <span class='ocrx_word' id='word_1_28' title='bbox 1313 653 1388 709; x_wconf 84' lang='lat' dir='ltr'>lltc.</span> <span class='ocrx_word' id='word_1_29' title='bbox 1407 650 1477 708; x_wconf 83' lang='lat' dir='ltr'>Nou</span> <span class='ocrx_word' id='word_1_30' title='bbox 1502 657 1657 722; x_wconf 86' lang='lat' dir='ltr'>eomputo;</span> <span class='ocrx_word' id='word_1_31' title='bbox 1677 664 1720 707; x_wconf 84' lang='lat' dir='ltr'>uec</span> <span class='ocrx_word' id='word_1_32' title='bbox 1732 654 1768 709; x_wconf 68' lang='grc' dir='ltr'>ιιι</span> 
     </span>
     <span class='ocr_line' id='line_1_4' title="bbox 130 741 1767 820; baseline 0 -19"><span class='ocrx_word' id='word_1_33' title='bbox 130 743 282 816; x_wconf 90' lang='lat' dir='ltr'>corporalia</span> <span class='ocrx_word' id='word_1_34' title='bbox 297 752 326 800; x_wconf 93' lang='lat' dir='ltr'>et</span> <span class='ocrx_word' id='word_1_35' title='bbox 337 743 477 799; x_wconf 78' lang='lat' dir='ltr'>sensibilia</span> <span class='ocrx_word' id='word_1_36' title='bbox 491 743 626 816; x_wconf 74' lang='lat' dir='ltr'>originem</span> <span class='ocrx_word' id='word_1_37' title='bbox 641 744 752 801; x_wconf 79' lang='lat' dir='ltr'>ducunt</span> <span class='ocrx_word' id='word_1_38' title='bbox 980 751 1097 816; x_wconf 80' lang='lat' dir='ltr'>rarione,</span> <span class='ocrx_word' id='word_1_39' title='bbox 1111 747 1238 820; x_wconf 87' lang='lat' dir='ltr'>quoniam</span> <span class='ocrx_word' id='word_1_40' title='bbox 1251 747 1363 818; x_wconf 80' lang='lat' dir='ltr'>proprie</span> <span class='ocrx_word' id='word_1_41' title='bbox 1376 753 1539 801; x_wconf 78' lang='lat' dir='ltr'>creaturae</span> <span class='ocrx_word' id='word_1_42' title='bbox 1551 741 1687 797; x_wconf 79' lang='lat' dir='ltr'>vocabulo</span> <span class='ocrx_word' id='word_1_43' title='bbox 1697 743 1767 815; x_wconf 79' lang='lat' dir='ltr'>sigali</span> 
     </span>
     <span class='ocr_line' id='line_1_5' title="bbox 166 832 1766 910; baseline -0.003 -19"><span class='ocrx_word' id='word_1_44' title='bbox 166 835 211 892; x_wconf 76' lang='lat' dir='ltr'>tt.</span> <span class='ocrx_word' id='word_1_45' title='bbox 231 836 304 893; x_wconf 79' lang='lat' dir='ltr'>bisc.</span> <span class='ocrx_word' id='word_1_46' title='bbox 325 835 445 893; x_wconf 81' lang='lat' dir='ltr'>Restat:</span> <span class='ocrx_word' id='word_1_47' title='bbox 464 850 516 892; x_wconf 91' lang='lat' dir='ltr'>nec</span> <span class='ocrx_word' id='word_1_48' title='bbox 538 835 608 893; x_wconf 87' lang='lat' dir='ltr'>alius</span> <span class='ocrx_word' id='word_1_49' title='bbox 630 837 719 894; x_wconf 82' lang='lat' dir='ltr'>exitus</span> <span class='ocrx_word' id='word_1_50' title='bbox 743 837 776 894; x_wconf 91' lang='lat' dir='ltr'>de</span> <span class='ocrx_word' id='word_1_51' title='bbox 794 836 930 909; x_wconf 78' lang='lat' dir='ltr'>praesenti</span> <span class='ocrx_word' id='word_1_52' title='bbox 980 846 1088 905; x_wconf 88' lang='lat' dir='ltr'>cantur,</span> <span class='ocrx_word' id='word_1_53' title='bbox 1101 852 1172 910; x_wconf 90' lang='lat' dir='ltr'>quae</span> <span class='ocrx_word' id='word_1_54' title='bbox 1183 851 1232 909; x_wconf 92' lang='lat' dir='ltr'>per</span> <span class='ocrx_word' id='word_1_55' title='bbox 1245 835 1463 908; x_wconf 79' lang='lat' dir='ltr'>generationem</span> <span class='ocrx_word' id='word_1_56' title='bbox 1478 842 1562 888; x_wconf 91' lang='lat' dir='ltr'>motu</span> <span class='ocrx_word' id='word_1_57' title='bbox 1575 832 1766 904; x_wconf 81' lang='lat' dir='ltr'>quodamtanpt</span> 
     </span>
     <span class='ocr_line' id='line_1_6' title="bbox 131 923 1765 1000; baseline -0.001 -18"><span class='ocrx_word' id='word_1_58' title='bbox 131 925 293 999; x_wconf 73' lang='lat' dir='ltr'>quaestione</span> <span class='ocrx_word' id='word_1_59' title='bbox 306 926 413 983; x_wconf 89' lang='lat' dir='ltr'>videtur</span> <span class='ocrx_word' id='word_1_60' title='bbox 428 941 508 999; x_wconf 89' lang='lat' dir='ltr'>posse</span> <span class='ocrx_word' id='word_1_61' title='bbox 526 927 653 983; x_wconf 86' lang='lat' dir='ltr'>inveniri.</span> <span class='ocrx_word' id='word_1_62' title='bbox 667 927 763 984; x_wconf 79' lang='lat' dir='ltr'>Adbuc</span> <span class='ocrx_word' id='word_1_63' title='bbox 777 937 869 985; x_wconf 88' lang='lat' dir='ltr'>tameo</span> <span class='ocrx_word' id='word_1_64' title='bbox 880 944 929 986; x_wconf 88' lang='lat' dir='ltr'>re·</span> <span class='ocrx_word' id='word_1_65' title='bbox 978 927 1031 985; x_wconf 86' lang='lat' dir='ltr'>‘rali</span> <span class='ocrx_word' id='word_1_66' title='bbox 1045 931 1071 985; x_wconf 93' lang='lat' dir='ltr'>in</span> <span class='ocrx_word' id='word_1_67' title='bbox 1091 929 1197 1000; x_wconf 87' lang='lat' dir='ltr'>species</span> <span class='ocrx_word' id='word_1_68' title='bbox 1210 927 1332 1000; x_wconf 91' lang='lat' dir='ltr'>proprias</span> <span class='ocrx_word' id='word_1_69' title='bbox 1353 926 1414 982; x_wconf 87' lang='lat' dir='ltr'>sire</span> <span class='ocrx_word' id='word_1_70' title='bbox 1433 923 1571 980; x_wconf 85' lang='lat' dir='ltr'>risibiles</span> <span class='ocrx_word' id='word_1_71' title='bbox 1585 924 1644 979; x_wconf 86' lang='lat' dir='ltr'>sire</span> <span class='ocrx_word' id='word_1_72' title='bbox 1655 924 1765 981; x_wconf 77' lang='lat' dir='ltr'>invisilia</span> 
     </span>
     <span class='ocr_line' id='line_1_7' title="bbox 131 1014 1763 1094; baseline 0.001 -22"><span class='ocrx_word' id='word_1_73' title='bbox 131 1016 180 1072; x_wconf 90' lang='lat' dir='ltr'>lim</span> <span class='ocrx_word' id='word_1_74' title='bbox 194 1016 315 1073; x_wconf 88' lang='lat' dir='ltr'>breviter</span> <span class='ocrx_word' id='word_1_75' title='bbox 330 1014 456 1081; x_wconf 82' lang='lat' dir='ltr'>delicias.</span> <span class='ocrx_word' id='word_1_76' title='bbox 472 1016 560 1086; x_wconf 90' lang='lat' dir='ltr'>qualis</span> <span class='ocrx_word' id='word_1_77' title='bbox 573 1017 645 1073; x_wconf 90' lang='lat' dir='ltr'>inter</span> <span class='ocrx_word' id='word_1_78' title='bbox 657 1031 755 1073; x_wconf 91' lang='lat' dir='ltr'>causas</span> <span class='ocrx_word' id='word_1_79' title='bbox 764 1025 793 1074; x_wconf 90' lang='lat' dir='ltr'>et</span> <span class='ocrx_word' id='word_1_80' title='bbox 804 1017 930 1074; x_wconf 87' lang='lat' dir='ltr'>substan-</span> <span class='ocrx_word' id='word_1_81' title='bbox 980 1019 1127 1094; x_wconf 90' lang='lat' dir='ltr'>prolluunt.</span> <span class='ocrx_word' id='word_1_82' title='bbox 1141 1017 1218 1087; x_wconf 80' lang='lat' dir='ltr'>Quod</span> <span class='ocrx_word' id='word_1_83' title='bbox 1234 1027 1325 1074; x_wconf 90' lang='lat' dir='ltr'>autem</span> <span class='ocrx_word' id='word_1_84' title='bbox 1340 1027 1407 1073; x_wconf 88' lang='lat' dir='ltr'>ante</span> <span class='ocrx_word' id='word_1_85' title='bbox 1431 1016 1537 1071; x_wconf 91' lang='lat' dir='ltr'>omnia</span> <span class='ocrx_word' id='word_1_86' title='bbox 1559 1025 1681 1086; x_wconf 87' lang='lat' dir='ltr'>tempora</span> <span class='ocrx_word' id='word_1_87' title='bbox 1696 1016 1763 1073; x_wconf 78' lang='lat' dir='ltr'>ellae</span> 
     </span>
     <span class='ocr_line' id='line_1_8' title="bbox 133 1104 1762 1180; baseline 0 -18"><span class='ocrx_word' id='word_1_88' title='bbox 133 1106 186 1162; x_wconf 90' lang='lat' dir='ltr'>tias</span> <span class='ocrx_word' id='word_1_89' title='bbox 199 1104 352 1163; x_wconf 75' lang='lat' dir='ltr'>differentia</span> <span class='ocrx_word' id='word_1_90' title='bbox 371 1106 417 1162; x_wconf 89' lang='lat' dir='ltr'>sit.</span> <span class='ocrx_word' id='word_1_91' title='bbox 441 1104 579 1177; x_wconf 87' lang='lat' dir='ltr'>Utraeque</span> <span class='ocrx_word' id='word_1_92' title='bbox 602 1120 718 1177; x_wconf 88' lang='lat' dir='ltr'>namque</span> <span class='ocrx_word' id='word_1_93' title='bbox 744 1105 931 1179; x_wconf 85' lang='lat' dir='ltr'>incorporales</span> <span class='ocrx_word' id='word_1_94' title='bbox 981 1111 1157 1168; x_wconf 92' lang='lat' dir='ltr'>substitutum</span> <span class='ocrx_word' id='word_1_95' title='bbox 1169 1117 1221 1176; x_wconf 90' lang='lat' dir='ltr'>est,</span> <span class='ocrx_word' id='word_1_96' title='bbox 1236 1109 1364 1180; x_wconf 91' lang='lat' dir='ltr'>quoniam</span> <span class='ocrx_word' id='word_1_97' title='bbox 1382 1106 1464 1161; x_wconf 91' lang='lat' dir='ltr'>ultra</span> <span class='ocrx_word' id='word_1_98' title='bbox 1486 1113 1617 1176; x_wconf 89' lang='lat' dir='ltr'>tempora</span> <span class='ocrx_word' id='word_1_99' title='bbox 1631 1116 1656 1160; x_wconf 87' lang='lat' dir='ltr'>et</span> <span class='ocrx_word' id='word_1_100' title='bbox 1668 1105 1718 1162; x_wconf 81' lang='lat' dir='ltr'>loca</span> <span class='ocrx_word' id='word_1_101' title='bbox 1729 1116 1762 1171; x_wconf 80' lang='lat' dir='ltr'>rr,</span> 
     </span>
     <span class='ocr_line' id='line_1_9' title="bbox 132 1195 1763 1274; baseline -0.002 -17"><span class='ocrx_word' id='word_1_102' title='bbox 132 1210 161 1258; x_wconf 91' lang='lat' dir='ltr'>et</span> <span class='ocrx_word' id='word_1_103' title='bbox 176 1200 359 1274; x_wconf 73' lang='lat' dir='ltr'>intelligibiles</span> <span class='ocrx_word' id='word_1_104' title='bbox 378 1209 452 1258; x_wconf 91' lang='lat' dir='ltr'>sunt.</span> <span class='ocrx_word' id='word_1_105' title='bbox 471 1199 542 1258; x_wconf 79' lang='lat' dir='ltr'>blaa</span> <span class='ocrx_word' id='word_1_106' title='bbox 560 1199 663 1257; x_wconf 84' lang='lat' dir='ltr'>Causas</span> <span class='ocrx_word' id='word_1_107' title='bbox 683 1201 798 1257; x_wconf 91' lang='lat' dir='ltr'>dicimus</span> <span class='ocrx_word' id='word_1_108' title='bbox 820 1216 932 1273; x_wconf 88' lang='lat' dir='ltr'>genera·</span> <span class='ocrx_word' id='word_1_109' title='bbox 981 1210 1104 1258; x_wconf 88' lang='lat' dir='ltr'>creatura</span> <span class='ocrx_word' id='word_1_110' title='bbox 1117 1200 1225 1271; x_wconf 88' lang='lat' dir='ltr'>proprie</span> <span class='ocrx_word' id='word_1_111' title='bbox 1238 1213 1291 1254; x_wconf 93' lang='lat' dir='ltr'>non</span> <span class='ocrx_word' id='word_1_112' title='bbox 1306 1197 1419 1263; x_wconf 82' lang='lat' dir='ltr'>dicitnr,</span> <span class='ocrx_word' id='word_1_113' title='bbox 1431 1195 1577 1267; x_wconf 81' lang='lat' dir='ltr'>quamvis</span> <span class='ocrx_word' id='word_1_114' title='bbox 1593 1196 1763 1270; x_wconf 81' lang='lat' dir='ltr'>nodoquodar</span> 
     </span>
     <span class='ocr_line' id='line_1_10' title="bbox 133 1287 1762 1364; baseline 0.001 -18"><span class='ocrx_word' id='word_1_115' title='bbox 133 1289 252 1347; x_wconf 90' lang='lat' dir='ltr'>lissimas</span> <span class='ocrx_word' id='word_1_116' title='bbox 267 1292 387 1347; x_wconf 91' lang='lat' dir='ltr'>omnium</span> <span class='ocrx_word' id='word_1_117' title='bbox 405 1308 497 1349; x_wconf 92' lang='lat' dir='ltr'>rerum</span> <span class='ocrx_word' id='word_1_118' title='bbox 511 1291 592 1349; x_wconf 92' lang='lat' dir='ltr'>simul</span> <span class='ocrx_word' id='word_1_119' title='bbox 606 1293 726 1350; x_wconf 91' lang='lat' dir='ltr'>rationes</span> <span class='ocrx_word' id='word_1_120' title='bbox 740 1293 767 1348; x_wconf 92' lang='lat' dir='ltr'>in</span> <span class='ocrx_word' id='word_1_121' title='bbox 778 1292 867 1350; x_wconf 91' lang='lat' dir='ltr'>llerbo</span> <span class='ocrx_word' id='word_1_122' title='bbox 883 1293 933 1350; x_wconf 83' lang='lat' dir='ltr'>llel</span> <span class='ocrx_word' id='word_1_123' title='bbox 982 1291 1109 1363; x_wconf 89' lang='lat' dir='ltr'>loquendi</span> <span class='ocrx_word' id='word_1_124' title='bbox 1122 1289 1311 1364; x_wconf 72' lang='grc' dir='ltr'>συνεκδοχικῶς</span> <span class='ocrx_word' id='word_1_125' title='bbox 1326 1287 1620 1358; x_wconf 85' lang='lat' dir='ltr'>uniuersalitas‚quae</span> <span class='ocrx_word' id='word_1_126' title='bbox 1630 1299 1684 1362; x_wconf 88' lang='lat' dir='ltr'>post</span> <span class='ocrx_word' id='word_1_127' title='bbox 1694 1290 1762 1348; x_wconf 79' lang='lat' dir='ltr'>Deua</span> 
     </span>
     <span class='ocr_line' id='line_1_11' title="bbox 133 1381 1628 1456; baseline -0.001 -17"><span class='ocrx_word' id='word_1_128' title='bbox 133 1381 305 1439; x_wconf 89' lang='lat' dir='ltr'>constitutas.</span> <span class='ocrx_word' id='word_1_129' title='bbox 331 1382 505 1440; x_wconf 81' lang='lat' dir='ltr'>Substantias</span> <span class='ocrx_word' id='word_1_130' title='bbox 518 1399 584 1440; x_wconf 88' lang='lat' dir='ltr'>rero</span> <span class='ocrx_word' id='word_1_131' title='bbox 596 1384 718 1456; x_wconf 92' lang='lat' dir='ltr'>singulas</span> <span class='ocrx_word' id='word_1_132' title='bbox 740 1386 750 1416; x_wconf 90' lang='lat'><strong>¹</strong></span> <span class='ocrx_word' id='word_1_133' title='bbox 779 1392 808 1440; x_wconf 92' lang='lat' dir='ltr'>et</span> <span class='ocrx_word' id='word_1_134' title='bbox 829 1385 933 1456; x_wconf 90' lang='lat' dir='ltr'>specia-</span> <span class='ocrx_word' id='word_1_135' title='bbox 982 1392 1033 1449; x_wconf 89' lang='lat' dir='ltr'>est,</span> <span class='ocrx_word' id='word_1_136' title='bbox 1053 1383 1088 1439; x_wconf 92' lang='lat' dir='ltr'>ab</span> <span class='ocrx_word' id='word_1_137' title='bbox 1110 1382 1168 1454; x_wconf 92' lang='lat' dir='ltr'>ipso</span> <span class='ocrx_word' id='word_1_138' title='bbox 1189 1383 1297 1438; x_wconf 89' lang='lat' dir='ltr'>condita</span> <span class='ocrx_word' id='word_1_139' title='bbox 1322 1389 1460 1437; x_wconf 90' lang='lat' dir='ltr'>creatura</span> <span class='ocrx_word' id='word_1_140' title='bbox 1480 1381 1628 1437; x_wconf 80' lang='lat' dir='ltr'>vocitetur.</span> 
     </span>
     <span class='ocr_line' id='line_1_12' title="bbox 134 1473 1764 1550; baseline -0.001 -20"><span class='ocrx_word' id='word_1_141' title='bbox 134 1474 254 1534; x_wconf 86' lang='lat' dir='ltr'>lissimas</span> <span class='ocrx_word' id='word_1_142' title='bbox 270 1476 437 1549; x_wconf 90' lang='lat' dir='ltr'>singularum</span> <span class='ocrx_word' id='word_1_143' title='bbox 452 1486 481 1535; x_wconf 90' lang='lat' dir='ltr'>et</span> <span class='ocrx_word' id='word_1_144' title='bbox 492 1478 751 1548; x_wconf 87' lang='lat' dir='ltr'>specialissimarum</span> <span class='ocrx_word' id='word_1_145' title='bbox 765 1494 857 1535; x_wconf 92' lang='lat' dir='ltr'>rerum</span> <span class='ocrx_word' id='word_1_146' title='bbox 869 1493 934 1550; x_wconf 91' lang='lat' dir='ltr'>pro·</span> <span class='ocrx_word' id='word_1_147' title='bbox 1018 1474 1062 1532; x_wconf 92' lang='lat' dir='ltr'>l&#39;l.</span> <span class='ocrx_word' id='word_1_148' title='bbox 1083 1473 1137 1530; x_wconf 90' lang='lat' dir='ltr'>Sed</span> <span class='ocrx_word' id='word_1_149' title='bbox 1161 1489 1267 1529; x_wconf 88' lang='lat' dir='ltr'>rursum</span> <span class='ocrx_word' id='word_1_150' title='bbox 1294 1473 1455 1545; x_wconf 88' lang='lat' dir='ltr'>quaeritur,</span> <span class='ocrx_word' id='word_1_151' title='bbox 1486 1480 1588 1527; x_wconf 90' lang='lat' dir='ltr'>utrum</span> <span class='ocrx_word' id='word_1_152' title='bbox 1610 1486 1691 1540; x_wconf 84' lang='lat' dir='ltr'>omne,</span> <span class='ocrx_word' id='word_1_153' title='bbox 1707 1475 1764 1545; x_wconf 88' lang='lat' dir='ltr'>qnod</span> 
     </span>
     <span class='ocr_line' id='line_1_13' title="bbox 135 1565 1763 1642; baseline 0.003 -23"><span class='ocrx_word' id='word_1_154' title='bbox 135 1566 265 1637; x_wconf 88' lang='lat' dir='ltr'>prietates</span> <span class='ocrx_word' id='word_1_155' title='bbox 282 1576 310 1624; x_wconf 92' lang='lat' dir='ltr'>et</span> <span class='ocrx_word' id='word_1_156' title='bbox 327 1567 461 1634; x_wconf 91' lang='lat' dir='ltr'>rationes,</span> <span class='ocrx_word' id='word_1_157' title='bbox 488 1568 516 1623; x_wconf 91' lang='lat' dir='ltr'>iu</span> <span class='ocrx_word' id='word_1_158' title='bbox 533 1568 599 1642; x_wconf 94' lang='lat' dir='ltr'>ipsis</span> <span class='ocrx_word' id='word_1_159' title='bbox 623 1570 714 1626; x_wconf 88' lang='lat' dir='ltr'>causis</span> <span class='ocrx_word' id='word_1_160' title='bbox 729 1569 888 1626; x_wconf 90' lang='lat' dir='ltr'>distributas</span> <span class='ocrx_word' id='word_1_161' title='bbox 905 1578 934 1627; x_wconf 87' lang='lat' dir='ltr'>et</span> <span class='ocrx_word' id='word_1_162' title='bbox 984 1568 1171 1639; x_wconf 89' lang='lat' dir='ltr'>temporaliter</span> <span class='ocrx_word' id='word_1_163' title='bbox 1183 1574 1317 1633; x_wconf 90' lang='lat' dir='ltr'>movetur,</span> <span class='ocrx_word' id='word_1_164' title='bbox 1333 1565 1470 1622; x_wconf 87' lang='lat' dir='ltr'>localiter</span> <span class='ocrx_word' id='word_1_165' title='bbox 1485 1566 1579 1622; x_wconf 86' lang='lat' dir='ltr'>etiam</span> <span class='ocrx_word' id='word_1_166' title='bbox 1594 1567 1763 1624; x_wconf 79' lang='lat' dir='ltr'>nuruiaeors</span> 
     </span>
     <span class='ocr_line' id='line_1_14' title="bbox 136 1657 1761 1741; baseline 0.002 -29"><span class='ocrx_word' id='word_1_167' title='bbox 136 1657 401 1716; x_wconf 79' lang='lat' dir='ltr'>constitutasllrse.</span> <span class='ocrx_word' id='word_1_168' title='bbox 416 1660 932 1741; x_wconf 54' lang='lat' dir='ltr'>dpejtaaelueriterestdiscretum.</span> <span class='ocrx_word' id='word_1_169' title='bbox 984 1660 1085 1718; x_wconf 88' lang='lat' dir='ltr'>sarium</span> <span class='ocrx_word' id='word_1_170' title='bbox 1105 1658 1149 1715; x_wconf 92' lang='lat' dir='ltr'>sit.</span> <span class='ocrx_word' id='word_1_171' title='bbox 1167 1659 1197 1714; x_wconf 94' lang='lat' dir='ltr'>ln</span> <span class='ocrx_word' id='word_1_172' title='bbox 1211 1674 1264 1730; x_wconf 89' lang='lat' dir='ltr'>qua</span> <span class='ocrx_word' id='word_1_173' title='bbox 1284 1658 1453 1730; x_wconf 89' lang='lat' dir='ltr'>quaestione</span> <span class='ocrx_word' id='word_1_174' title='bbox 1476 1657 1635 1714; x_wconf 87' lang='lat' dir='ltr'>multorum</span> <span class='ocrx_word' id='word_1_175' title='bbox 1648 1659 1761 1741; x_wconf 64' lang='lat' dir='ltr'>Qui·</span> 
     </span>
     <span class='ocr_line' id='line_1_15' title="bbox 135 1748 1762 1828; baseline 0.003 -24"><span class='ocrx_word' id='word_1_176' title='bbox 135 1748 175 1804; x_wconf 82' lang='lat' dir='ltr'>Es</span> <span class='ocrx_word' id='word_1_177' title='bbox 195 1748 262 1819; x_wconf 85' lang='lat' dir='ltr'>ipsis</span> <span class='ocrx_word' id='word_1_178' title='bbox 278 1750 369 1821; x_wconf 91' lang='lat' dir='ltr'>itaque</span> <span class='ocrx_word' id='word_1_179' title='bbox 393 1751 484 1808; x_wconf 89' lang='lat' dir='ltr'>causis</span> <span class='ocrx_word' id='word_1_180' title='bbox 505 1761 533 1809; x_wconf 93' lang='lat' dir='ltr'>et</span> <span class='ocrx_word' id='word_1_181' title='bbox 554 1752 714 1808; x_wconf 83' lang='lat' dir='ltr'>substantiis</span> <span class='ocrx_word' id='word_1_182' title='bbox 731 1754 847 1809; x_wconf 91' lang='lat' dir='ltr'>muudus</span> <span class='ocrx_word' id='word_1_183' title='bbox 871 1754 933 1822; x_wconf 89' lang='lat' dir='ltr'>iste,</span> <span class='ocrx_word' id='word_1_184' title='bbox 985 1752 1130 1821; x_wconf 89' lang='lat' dir='ltr'>eatbolice,</span> <span class='ocrx_word' id='word_1_185' title='bbox 1146 1752 1340 1828; x_wconf 56' lang='lat' dir='ltr'>remu-retiam</span> <span class='ocrx_word' id='word_1_186' title='bbox 1354 1752 1533 1808; x_wconf 87' lang='lat' dir='ltr'>seculariter</span> <span class='ocrx_word' id='word_1_187' title='bbox 1549 1753 1588 1808; x_wconf 91' lang='lat' dir='ltr'>de</span> <span class='ocrx_word' id='word_1_188' title='bbox 1601 1753 1696 1809; x_wconf 85' lang='lat' dir='ltr'>mundo</span> <span class='ocrx_word' id='word_1_189' title='bbox 1706 1754 1762 1823; x_wconf 68' lang='lat' dir='ltr'>iss</span> 
     </span>
     <span class='ocr_line' id='line_1_16' title="bbox 137 1841 1761 1918; baseline 0.003 -20"><span class='ocrx_word' id='word_1_190' title='bbox 137 1841 286 1914; x_wconf 91' lang='lat' dir='ltr'>coagulatis</span> <span class='ocrx_word' id='word_1_191' title='bbox 296 1843 421 1902; x_wconf 86' lang='lat' dir='ltr'>videlicet</span> <span class='ocrx_word' id='word_1_192' title='bbox 432 1844 539 1902; x_wconf 90' lang='lat' dir='ltr'>illarum</span> <span class='ocrx_word' id='word_1_193' title='bbox 551 1845 739 1917; x_wconf 83' lang='lat' dir='ltr'>qualitatibus,</span> <span class='ocrx_word' id='word_1_194' title='bbox 751 1856 933 1918; x_wconf 87' lang='lat' dir='ltr'>processerat,</span> <span class='ocrx_word' id='word_1_195' title='bbox 985 1847 1101 1904; x_wconf 91' lang='lat' dir='ltr'>tantium</span> <span class='ocrx_word' id='word_1_196' title='bbox 1122 1845 1256 1903; x_wconf 89' lang='lat' dir='ltr'>sententia</span> <span class='ocrx_word' id='word_1_197' title='bbox 1276 1845 1409 1902; x_wconf 84' lang='lat' dir='ltr'>variatur.</span> <span class='ocrx_word' id='word_1_198' title='bbox 1434 1843 1515 1902; x_wconf 90' lang='lat' dir='ltr'>Suut</span> <span class='ocrx_word' id='word_1_199' title='bbox 1529 1846 1761 1918; x_wconf 71' lang='lat' dir='ltr'>enim,qai6r=t</span> 
     </span>
     <span class='ocr_line' id='line_1_17' title="bbox 136 1930 1761 2010; baseline 0.004 -23"><span class='ocrx_word' id='word_1_200' title='bbox 136 1942 165 1988; x_wconf 92' lang='lat' dir='ltr'>et</span> <span class='ocrx_word' id='word_1_201' title='bbox 187 1933 214 1988; x_wconf 92' lang='lat' dir='ltr'>in</span> <span class='ocrx_word' id='word_1_202' title='bbox 235 1933 370 1989; x_wconf 83' lang='lat' dir='ltr'>easdem⁸</span> <span class='ocrx_word' id='word_1_203' title='bbox 400 1935 498 1991; x_wconf 93' lang='lat' dir='ltr'>iterum</span> <span class='ocrx_word' id='word_1_204' title='bbox 522 1951 589 1992; x_wconf 90' lang='lat' dir='ltr'>suae</span> <span class='ocrx_word' id='word_1_205' title='bbox 615 1937 788 1994; x_wconf 89' lang='lat' dir='ltr'>resolutionis</span> <span class='ocrx_word' id='word_1_206' title='bbox 814 1948 937 2010; x_wconf 92' lang='lat' dir='ltr'>tempore</span> <span class='ocrx_word' id='word_1_207' title='bbox 949 1930 974 1994; x_wconf 87' lang='lat' dir='ltr'>B</span> <span class='ocrx_word' id='word_1_208' title='bbox 987 1941 1054 1997; x_wconf 90' lang='lat' dir='ltr'>baec</span> <span class='ocrx_word' id='word_1_209' title='bbox 1067 1940 1130 2005; x_wconf 93' lang='lat' dir='ltr'>duo,</span> <span class='ocrx_word' id='word_1_210' title='bbox 1143 1938 1234 1995; x_wconf 92' lang='lat' dir='ltr'>locum</span> <span class='ocrx_word' id='word_1_211' title='bbox 1251 1938 1312 1994; x_wconf 87' lang='lat' dir='ltr'>diro</span> <span class='ocrx_word' id='word_1_212' title='bbox 1326 1947 1354 1994; x_wconf 89' lang='lat' dir='ltr'>et</span> <span class='ocrx_word' id='word_1_213' title='bbox 1369 1947 1499 2009; x_wconf 92' lang='lat' dir='ltr'>tempus,</span> <span class='ocrx_word' id='word_1_214' title='bbox 1519 1938 1601 1995; x_wconf 88' lang='lat' dir='ltr'>eirca</span> <span class='ocrx_word' id='word_1_215' title='bbox 1616 1946 1645 1994; x_wconf 90' lang='lat' dir='ltr'>et</span> <span class='ocrx_word' id='word_1_216' title='bbox 1656 1946 1761 1994; x_wconf 66' lang='lat' dir='ltr'>eruam</span> 
     </span>
    </p>
   </div>
   <div class='ocr_carea' id='block_1_3' title="bbox 137 2025 939 2467">
    <p class='ocr_par' dir='ltr' id='par_1_3' title="bbox 137 2025 939 2467">
     <span class='ocr_line' id='line_1_18' title="bbox 137 2025 934 2086; baseline 0.005 -6"><span class='ocrx_word' id='word_1_217' title='bbox 137 2039 297 2081; x_wconf 83' lang='lat' dir='ltr'>reuersurus</span> <span class='ocrx_word' id='word_1_218' title='bbox 315 2033 343 2081; x_wconf 90' lang='lat' dir='ltr'>et</span> <span class='ocrx_word' id='word_1_219' title='bbox 358 2025 522 2083; x_wconf 89' lang='lat' dir='ltr'>transiturus</span> <span class='ocrx_word' id='word_1_220' title='bbox 535 2027 597 2083; x_wconf 91' lang='lat' dir='ltr'>erit.</span> <span class='ocrx_word' id='word_1_221' title='bbox 614 2027 684 2086; x_wconf 84' lang='lat' dir='ltr'>llao.</span> <span class='ocrx_word' id='word_1_222' title='bbox 701 2027 744 2083; x_wconf 90' lang='lat' dir='ltr'>llil</span> <span class='ocrx_word' id='word_1_223' title='bbox 758 2029 849 2086; x_wconf 82' lang='lat' dir='ltr'>uerius</span> <span class='ocrx_word' id='word_1_224' title='bbox 861 2028 934 2085; x_wconf 83' lang='lat' dir='ltr'>reri·</span> 
     </span>
     <span class='ocr_line' id='line_1_19' title="bbox 138 2116 935 2192; baseline 0.006 -22"><span class='ocrx_word' id='word_1_225' title='bbox 138 2116 244 2186; x_wconf 89' lang='lat' dir='ltr'>tatique</span> <span class='ocrx_word' id='word_1_226' title='bbox 257 2116 435 2188; x_wconf 88' lang='lat' dir='ltr'>propinquius</span> <span class='ocrx_word' id='word_1_227' title='bbox 448 2118 616 2176; x_wconf 87' lang='lat' dir='ltr'>credendum</span> <span class='ocrx_word' id='word_1_228' title='bbox 629 2127 671 2175; x_wconf 89' lang='lat' dir='ltr'>est</span> <span class='ocrx_word' id='word_1_229' title='bbox 683 2128 711 2174; x_wconf 92' lang='lat' dir='ltr'>et</span> <span class='ocrx_word' id='word_1_230' title='bbox 721 2119 935 2192; x_wconf 86' lang='lat' dir='ltr'>intelligendum.</span> 
     </span>
     <span class='ocr_line' id='line_1_20' title="bbox 140 2208 936 2280; baseline 0.004 -15"><span class='ocrx_word' id='word_1_231' title='bbox 140 2209 200 2280; x_wconf 88' lang='lat' dir='ltr'>lpsa</span> <span class='ocrx_word' id='word_1_232' title='bbox 223 2208 357 2280; x_wconf 84' lang='lat' dir='ltr'>siquidem</span> <span class='ocrx_word' id='word_1_233' title='bbox 372 2210 481 2268; x_wconf 76' lang='lat' dir='ltr'>Veritas</span> <span class='ocrx_word' id='word_1_234' title='bbox 498 2212 538 2268; x_wconf 87' lang='lat' dir='ltr'>ait</span> <span class='ocrx_word' id='word_1_235' title='bbox 558 2229 564 2267; x_wconf 93' lang='lat'><strong>:</strong></span> <span class='ocrx_word' id='word_1_236' title='bbox 586 2210 694 2268; x_wconf 85' lang='lat' dir='ltr'>Caelum</span> <span class='ocrx_word' id='word_1_237' title='bbox 712 2223 735 2269; x_wconf 88' lang='lat' dir='ltr'>et</span> <span class='ocrx_word' id='word_1_238' title='bbox 759 2223 829 2269; x_wconf 86' lang='lat' dir='ltr'>terro</span> <span class='ocrx_word' id='word_1_239' title='bbox 848 2222 936 2269; x_wconf 85' lang='lat' dir='ltr'>trom-</span> 
     </span>
     <span class='ocr_line' id='line_1_21' title="bbox 137 2301 938 2377; baseline 0.009 -22"><span class='ocrx_word' id='word_1_240' title='bbox 137 2301 224 2366; x_wconf 85' lang='lat' dir='ltr'>ibunt,</span> <span class='ocrx_word' id='word_1_241' title='bbox 241 2301 317 2356; x_wconf 81' lang='lat' dir='ltr'>uerbo</span> <span class='ocrx_word' id='word_1_242' title='bbox 331 2309 420 2357; x_wconf 81' lang='lat' dir='ltr'>ostem</span> <span class='ocrx_word' id='word_1_243' title='bbox 438 2318 497 2358; x_wconf 86' lang='lat' dir='ltr'>men</span> <span class='ocrx_word' id='word_1_244' title='bbox 520 2319 572 2358; x_wconf 89' lang='lat' dir='ltr'>non</span> <span class='ocrx_word' id='word_1_245' title='bbox 586 2305 734 2360; x_wconf 84' lang='lat' dir='ltr'>transibunt</span> <span class='ocrx_word' id='word_1_246' title='bbox 749 2306 770 2360; x_wconf 74' lang='lat'>⁸.</span> <span class='ocrx_word' id='word_1_247' title='bbox 787 2304 840 2362; x_wconf 87' lang='lat' dir='ltr'>Sed</span> <span class='ocrx_word' id='word_1_248' title='bbox 854 2321 938 2377; x_wconf 81' lang='lat' dir='ltr'>quor·</span> 
     </span>
     <span class='ocr_line' id='line_1_22' title="bbox 139 2390 939 2467; baseline 0.005 -19"><span class='ocrx_word' id='word_1_249' title='bbox 139 2407 199 2448; x_wconf 91' lang='lat' dir='ltr'>sum</span> <span class='ocrx_word' id='word_1_250' title='bbox 214 2390 318 2448; x_wconf 90' lang='lat' dir='ltr'>caelum</span> <span class='ocrx_word' id='word_1_251' title='bbox 341 2402 370 2448; x_wconf 92' lang='lat' dir='ltr'>et</span> <span class='ocrx_word' id='word_1_252' title='bbox 389 2401 461 2449; x_wconf 89' lang='lat' dir='ltr'>terra</span> <span class='ocrx_word' id='word_1_253' title='bbox 484 2394 658 2450; x_wconf 87' lang='lat' dir='ltr'>transibuntl</span> <span class='ocrx_word' id='word_1_254' title='bbox 672 2393 798 2467; x_wconf 86' lang='lat' dir='ltr'>Nunquid</span> <span class='ocrx_word' id='word_1_255' title='bbox 821 2396 847 2452; x_wconf 94' lang='lat' dir='ltr'>in</span> <span class='ocrx_word' id='word_1_256' title='bbox 867 2396 939 2453; x_wconf 92' lang='lat' dir='ltr'>nibi-</span> 
     </span>
    </p>
   </div>
   <div class='ocr_carea' id='block_1_4' title="bbox 138 2483 939 2652">
    <p class='ocr_par' dir='ltr' id='par_1_4' title="bbox 138 2483 939 2652">
     <span class='ocr_line' id='line_1_23' title="bbox 138 2483 937 2546; baseline 0.01 -8"><span class='ocrx_word' id='word_1_257' title='bbox 138 2483 216 2539; x_wconf 87' lang='lat' dir='ltr'>lnmi</span> <span class='ocrx_word' id='word_1_258' title='bbox 230 2485 303 2542; x_wconf 83' lang='lat' dir='ltr'>lirae.</span> <span class='ocrx_word' id='word_1_259' title='bbox 319 2485 409 2543; x_wconf 80' lang='lat' dir='ltr'>absit.</span> <span class='ocrx_word' id='word_1_260' title='bbox 430 2485 489 2542; x_wconf 86' lang='lat' dir='ltr'>Non</span> <span class='ocrx_word' id='word_1_261' title='bbox 508 2486 582 2543; x_wconf 91' lang='lat' dir='ltr'>enim</span> <span class='ocrx_word' id='word_1_262' title='bbox 600 2487 666 2544; x_wconf 91' lang='lat' dir='ltr'>illud</span> <span class='ocrx_word' id='word_1_263' title='bbox 680 2488 828 2545; x_wconf 93' lang='lat' dir='ltr'>ullomodo</span> <span class='ocrx_word' id='word_1_264' title='bbox 842 2489 937 2546; x_wconf 90' lang='lat' dir='ltr'>dicen·</span> 
     </span>
     <span class='ocr_line' id='line_1_24' title="bbox 142 2571 939 2652; baseline 0.008 -23"><span class='ocrx_word' id='word_1_265' title='bbox 142 2574 216 2629; x_wconf 87' lang='lat' dir='ltr'>dum.</span> <span class='ocrx_word' id='word_1_266' title='bbox 231 2571 350 2630; x_wconf 81' lang='lat' dir='ltr'>ilibilunr</span> <span class='ocrx_word' id='word_1_267' title='bbox 365 2581 456 2631; x_wconf 91' lang='lat' dir='ltr'>autem</span> <span class='ocrx_word' id='word_1_268' title='bbox 476 2590 547 2630; x_wconf 88' lang='lat' dir='ltr'>nune</span> <span class='ocrx_word' id='word_1_269' title='bbox 562 2575 623 2632; x_wconf 91' lang='lat' dir='ltr'>dico</span> <span class='ocrx_word' id='word_1_270' title='bbox 640 2577 792 2634; x_wconf 86' lang='lat' dir='ltr'>absentiam</span> <span class='ocrx_word' id='word_1_271' title='bbox 806 2587 835 2634; x_wconf 92' lang='lat' dir='ltr'>et</span> <span class='ocrx_word' id='word_1_272' title='bbox 848 2579 939 2652; x_wconf 83' lang='lat' dir='ltr'>priua·</span> 
     </span>
    </p>
   </div>
   <div class='ocr_carea' id='block_1_5' title="bbox 986 2031 1764 2652">
    <p class='ocr_par' dir='ltr' id='par_1_5' title="bbox 986 2031 1764 2652">
     <span class='ocr_line' id='line_1_25' title="bbox 986 2031 1761 2109; baseline -0.009 -17"><span class='ocrx_word' id='word_1_273' title='bbox 986 2051 1097 2109; x_wconf 86' lang='lat' dir='ltr'>porcam</span> <span class='ocrx_word' id='word_1_274' title='bbox 1111 2046 1263 2091; x_wconf 91' lang='lat' dir='ltr'>creaturam</span> <span class='ocrx_word' id='word_1_275' title='bbox 1277 2048 1348 2100; x_wconf 88' lang='lat' dir='ltr'>esse,</span> <span class='ocrx_word' id='word_1_276' title='bbox 1374 2041 1402 2088; x_wconf 90' lang='lat' dir='ltr'>et</span> <span class='ocrx_word' id='word_1_277' title='bbox 1420 2032 1460 2088; x_wconf 87' lang='lat' dir='ltr'>ab</span> <span class='ocrx_word' id='word_1_278' title='bbox 1481 2033 1527 2089; x_wconf 88' lang='lat' dir='ltr'>eis</span> <span class='ocrx_word' id='word_1_279' title='bbox 1553 2033 1688 2089; x_wconf 61' lang='lat' dir='ltr'>mutiani</span> <span class='ocrx_word' id='word_1_280' title='bbox 1701 2041 1722 2088; x_wconf 86' lang='lat' dir='ltr'>et</span> <span class='ocrx_word' id='word_1_281' title='bbox 1734 2031 1761 2085; x_wconf 68' lang='lat' dir='ltr'>dr</span> 
     </span>
     <span class='ocr_line' id='line_1_26' title="bbox 986 2125 1763 2198; baseline -0.003 -13"><span class='ocrx_word' id='word_1_282' title='bbox 986 2129 1145 2187; x_wconf 84' lang='lat' dir='ltr'>cumscribi.</span> <span class='ocrx_word' id='word_1_283' title='bbox 1163 2127 1198 2184; x_wconf 87' lang='lat' dir='ltr'>Et</span> <span class='ocrx_word' id='word_1_284' title='bbox 1219 2128 1281 2198; x_wconf 88' lang='lat' dir='ltr'>quia</span> <span class='ocrx_word' id='word_1_285' title='bbox 1303 2125 1421 2183; x_wconf 88' lang='lat' dir='ltr'>naturali</span> <span class='ocrx_word' id='word_1_286' title='bbox 1447 2126 1567 2183; x_wconf 92' lang='lat' dir='ltr'>ratione</span> <span class='ocrx_word' id='word_1_287' title='bbox 1589 2127 1653 2198; x_wconf 89' lang='lat' dir='ltr'>plns</span> <span class='ocrx_word' id='word_1_288' title='bbox 1673 2125 1763 2196; x_wconf 55' lang='lat' dir='ltr'>estod</span> 
     </span>
     <span class='ocr_line' id='line_1_27' title="bbox 987 2217 1763 2289; baseline -0.004 -13"><span class='ocrx_word' id='word_1_289' title='bbox 987 2221 1119 2284; x_wconf 85' lang='lat' dir='ltr'>eorttiuet,</span> <span class='ocrx_word' id='word_1_290' title='bbox 1145 2234 1226 2289; x_wconf 86' lang='lat' dir='ltr'>qnam</span> <span class='ocrx_word' id='word_1_291' title='bbox 1245 2217 1317 2289; x_wconf 88' lang='lat' dir='ltr'>quod</span> <span class='ocrx_word' id='word_1_292' title='bbox 1337 2217 1519 2284; x_wconf 81' lang='lat' dir='ltr'>crrntinetnr,</span> <span class='ocrx_word' id='word_1_293' title='bbox 1539 2233 1599 2273; x_wconf 93' lang='lat' dir='ltr'>non</span> <span class='ocrx_word' id='word_1_294' title='bbox 1625 2219 1691 2273; x_wconf 91' lang='lat' dir='ltr'>intra</span> <span class='ocrx_word' id='word_1_295' title='bbox 1708 2225 1763 2289; x_wconf 80' lang='lat' dir='ltr'>puts</span> 
     </span>
     <span class='ocr_line' id='line_1_28' title="bbox 987 2309 1763 2382; baseline -0.006 -12"><span class='ocrx_word' id='word_1_296' title='bbox 987 2313 1097 2380; x_wconf 79' lang='lat' dir='ltr'>usundi,</span> <span class='ocrx_word' id='word_1_297' title='bbox 1113 2312 1159 2367; x_wconf 88' lang='lat' dir='ltr'>sed</span> <span class='ocrx_word' id='word_1_298' title='bbox 1180 2320 1256 2367; x_wconf 87' lang='lat' dir='ltr'>extra</span> <span class='ocrx_word' id='word_1_299' title='bbox 1279 2309 1365 2382; x_wconf 89' lang='lat' dir='ltr'>ipsius</span> <span class='ocrx_word' id='word_1_300' title='bbox 1382 2310 1614 2366; x_wconf 80' lang='lat' dir='ltr'>universitatem</span> <span class='ocrx_word' id='word_1_301' title='bbox 1630 2310 1763 2367; x_wconf 67' lang='lat' dir='ltr'>loeacttn</span> 
     </span>
     <span class='ocr_line' id='line_1_29' title="bbox 987 2400 1763 2478; baseline -0.006 -19"><span class='ocrx_word' id='word_1_302' title='bbox 987 2420 1054 2478; x_wconf 86' lang='lat' dir='ltr'>pora</span> <span class='ocrx_word' id='word_1_303' title='bbox 1074 2402 1254 2475; x_wconf 87' lang='lat' dir='ltr'>corrtputanda</span> <span class='ocrx_word' id='word_1_304' title='bbox 1278 2400 1470 2457; x_wconf 81' lang='lat' dir='ltr'>existimant:</span> <span class='ocrx_word' id='word_1_305' title='bbox 1489 2402 1662 2474; x_wconf 87' lang='lat' dir='ltr'>praesertim</span> <span class='ocrx_word' id='word_1_306' title='bbox 1678 2401 1763 2457; x_wconf 77' lang='lat' dir='ltr'>darr&#39;r</span> 
     </span>
     <span class='ocr_line' id='line_1_30' title="bbox 988 2494 1764 2570; baseline -0.009 -16"><span class='ocrx_word' id='word_1_307' title='bbox 988 2495 1139 2570; x_wconf 89' lang='lat' dir='ltr'>corporalia</span> <span class='ocrx_word' id='word_1_308' title='bbox 1155 2505 1236 2560; x_wconf 90' lang='lat' dir='ltr'>suut,</span> <span class='ocrx_word' id='word_1_309' title='bbox 1250 2495 1277 2550; x_wconf 92' lang='lat' dir='ltr'>in</span> <span class='ocrx_word' id='word_1_310' title='bbox 1292 2507 1410 2549; x_wconf 92' lang='lat' dir='ltr'>numero</span> <span class='ocrx_word' id='word_1_311' title='bbox 1429 2494 1635 2564; x_wconf 85' lang='lat' dir='ltr'>corporalium</span> <span class='ocrx_word' id='word_1_312' title='bbox 1658 2509 1704 2549; x_wconf 88' lang='lat' dir='ltr'>noa</span> <span class='ocrx_word' id='word_1_313' title='bbox 1722 2499 1764 2547; x_wconf 71' lang='lat' dir='ltr'>rra</span> 
     </span>
     <span class='ocr_line' id='line_1_31' title="bbox 989 2582 1764 2652; baseline -0.01 -8"><span class='ocrx_word' id='word_1_314' title='bbox 989 2585 1210 2646; x_wconf 89' lang='lat' dir='ltr'>connumeranda</span> <span class='ocrx_word' id='word_1_315' title='bbox 1224 2599 1284 2641; x_wconf 89' lang='lat' dir='ltr'>esse</span> <span class='ocrx_word' id='word_1_316' title='bbox 1300 2582 1439 2652; x_wconf 83' lang='lat' dir='ltr'>judicant.</span> <span class='ocrx_word' id='word_1_317' title='bbox 1463 2584 1525 2641; x_wconf 77' lang='lat' dir='ltr'>Alii</span> <span class='ocrx_word' id='word_1_318' title='bbox 1542 2600 1614 2641; x_wconf 81' lang='lat' dir='ltr'>uero</span> <span class='ocrx_word' id='word_1_319' title='bbox 1630 2584 1764 2641; x_wconf 80' lang='lat' dir='ltr'>locacttta</span> 
     </span>
    </p>
   </div>
   <div class='ocr_carea' id='block_1_6' title="bbox 141 2665 1770 5588">
    <p class='ocr_par' dir='ltr' id='par_1_6' title="bbox 141 2665 1765 2930">
     <span class='ocr_line' id='line_1_32' title="bbox 141 2665 1764 2754; baseline 0.001 -22"><span class='ocrx_word' id='word_1_320' title='bbox 141 2665 241 2722; x_wconf 88' lang='lat' dir='ltr'>tionem</span> <span class='ocrx_word' id='word_1_321' title='bbox 263 2668 397 2734; x_wconf 59' lang='lat' dir='ltr'>Omnium.</span> <span class='ocrx_word' id='word_1_322' title='bbox 420 2681 490 2739; x_wconf 88' lang='lat' dir='ltr'>quac</span> <span class='ocrx_word' id='word_1_323' title='bbox 513 2676 585 2735; x_wconf 66' lang='lat'><strong>⁵⁰⁰²,</strong></span> <span class='ocrx_word' id='word_1_324' title='bbox 600 2677 630 2724; x_wconf 72' lang='lat'>0¹</span> <span class='ocrx_word' id='word_1_325' title='bbox 649 2685 719 2741; x_wconf 84' lang='lat' dir='ltr'>quae</span> <span class='ocrx_word' id='word_1_326' title='bbox 742 2686 795 2727; x_wconf 83' lang='lat' dir='ltr'>¹¹⁰¹l</span> <span class='ocrx_word' id='word_1_327' title='bbox 818 2679 892 2738; x_wconf 91' lang='lat' dir='ltr'>sunt,</span> <span class='ocrx_word' id='word_1_328' title='bbox 911 2671 937 2727; x_wconf 71' lang='lat' dir='ltr'>ln</span> <span class='ocrx_word' id='word_1_329' title='bbox 988 2696 1054 2754; x_wconf 93' lang='lat' dir='ltr'>pora</span> <span class='ocrx_word' id='word_1_330' title='bbox 1075 2680 1146 2735; x_wconf 88' lang='lat' dir='ltr'>intra</span> <span class='ocrx_word' id='word_1_331' title='bbox 1169 2676 1334 2732; x_wconf 85' lang='lat' dir='ltr'>mundanam</span> <span class='ocrx_word' id='word_1_332' title='bbox 1352 2676 1610 2733; x_wconf 81' lang='lat' dir='ltr'>universalitatem</span> <span class='ocrx_word' id='word_1_333' title='bbox 1635 2675 1764 2733; x_wconf 67' lang='lat' dir='ltr'>sumt-t</span> 
     </span>
     <span class='ocr_line' id='line_1_33' title="bbox 141 2757 1765 2839; baseline 0.007 -25"><span class='ocrx_word' id='word_1_334' title='bbox 141 2758 213 2829; x_wconf 88' lang='lat' dir='ltr'>quod</span> <span class='ocrx_word' id='word_1_335' title='bbox 229 2757 241 2792; x_wconf 83' lang='lat'>⁸</span> <span class='ocrx_word' id='word_1_336' title='bbox 255 2759 328 2816; x_wconf 90' lang='lat' dir='ltr'>nulla</span> <span class='ocrx_word' id='word_1_337' title='bbox 351 2767 477 2817; x_wconf 92' lang='lat' dir='ltr'>creatura</span> <span class='ocrx_word' id='word_1_338' title='bbox 492 2769 519 2817; x_wconf 94' lang='lat' dir='ltr'>et</span> <span class='ocrx_word' id='word_1_339' title='bbox 529 2760 644 2818; x_wconf 88' lang='lat' dir='ltr'>risibilis</span> <span class='ocrx_word' id='word_1_340' title='bbox 657 2769 686 2818; x_wconf 92' lang='lat' dir='ltr'>et</span> <span class='ocrx_word' id='word_1_341' title='bbox 703 2761 846 2820; x_wconf 83' lang='lat' dir='ltr'>inuisibilis</span> <span class='ocrx_word' id='word_1_342' title='bbox 860 2777 939 2820; x_wconf 84' lang='lat' dir='ltr'>oeca-</span> <span class='ocrx_word' id='word_1_343' title='bbox 988 2770 1093 2828; x_wconf 76' lang='lat' dir='ltr'>Aiunt·</span> <span class='ocrx_word' id='word_1_344' title='bbox 1106 2769 1190 2835; x_wconf 83' lang='lat' dir='ltr'>enim,</span> <span class='ocrx_word' id='word_1_345' title='bbox 1217 2766 1297 2823; x_wconf 91' lang='lat' dir='ltr'>simul</span> <span class='ocrx_word' id='word_1_346' title='bbox 1311 2781 1373 2822; x_wconf 92' lang='lat' dir='ltr'>cum</span> <span class='ocrx_word' id='word_1_347' title='bbox 1394 2767 1517 2834; x_wconf 86' lang='lat' dir='ltr'>ceteris,</span> <span class='ocrx_word' id='word_1_348' title='bbox 1539 2784 1617 2839; x_wconf 88' lang='lat' dir='ltr'>quae</span> <span class='ocrx_word' id='word_1_349' title='bbox 1643 2769 1701 2825; x_wconf 85' lang='lat' dir='ltr'>iutra</span> <span class='ocrx_word' id='word_1_350' title='bbox 1712 2781 1765 2822; x_wconf 85' lang='grc' dir='ltr'>ιιι·</span> 
     </span>
     <span class='ocr_line' id='line_1_34' title="bbox 141 2850 1765 2930; baseline 0.004 -26"><span class='ocrx_word' id='word_1_351' title='bbox 141 2850 265 2907; x_wconf 88' lang='lat' dir='ltr'>surasit.</span> <span class='ocrx_word' id='word_1_352' title='bbox 352 2876 355 2881; x_wconf 50' lang='lat'><strong><em>¹</em></strong></span> <span class='ocrx_word' id='word_1_353' title='bbox 991 2865 1054 2920; x_wconf 89' lang='lat' dir='ltr'>dum</span> <span class='ocrx_word' id='word_1_354' title='bbox 1071 2861 1257 2924; x_wconf 88' lang='lat' dir='ltr'>continentur,</span> <span class='ocrx_word' id='word_1_355' title='bbox 1274 2859 1422 2930; x_wconf 89' lang='lat' dir='ltr'>congenita</span> <span class='ocrx_word' id='word_1_356' title='bbox 1440 2868 1472 2915; x_wconf 90' lang='lat' dir='ltr'>et</span> <span class='ocrx_word' id='word_1_357' title='bbox 1498 2869 1653 2917; x_wconf 83' lang='lat' dir='ltr'>concreata</span> <span class='ocrx_word' id='word_1_358' title='bbox 1668 2858 1765 2921; x_wconf 69' lang='lat' dir='ltr'>linaei</span> 
     </span>
    </p>

    <p class='ocr_par' dir='ltr' id='par_1_7' title="bbox 141 2938 1770 5588">
     <span class='ocr_line' id='line_1_35' title="bbox 178 2938 1765 3028; baseline 0.007 -30"><span class='ocrx_word' id='word_1_359' title='bbox 178 2941 222 2998; x_wconf 87' lang='grc' dir='ltr'>ιιι.</span> <span class='ocrx_word' id='word_1_360' title='bbox 244 2942 313 3002; x_wconf 81' lang='grc' dir='ltr'>ιιιιι.</span> <span class='ocrx_word' id='word_1_361' title='bbox 334 2943 468 3012; x_wconf 83' lang='lat' dir='ltr'>Quorsum</span> <span class='ocrx_word' id='word_1_362' title='bbox 484 2947 568 3020; x_wconf 92' lang='lat' dir='ltr'>igitur</span> <span class='ocrx_word' id='word_1_363' title='bbox 588 2947 694 3005; x_wconf 91' lang='lat' dir='ltr'>caelum</span> <span class='ocrx_word' id='word_1_364' title='bbox 712 2958 740 3004; x_wconf 89' lang='lat' dir='ltr'>et</span> <span class='ocrx_word' id='word_1_365' title='bbox 760 2956 861 3006; x_wconf 89' lang='lat' dir='ltr'>terram</span> <span class='ocrx_word' id='word_1_366' title='bbox 877 2964 940 3005; x_wconf 93' lang='lat' dir='ltr'>cum</span> <span class='ocrx_word' id='word_1_367' title='bbox 990 2938 1217 3028; x_wconf 85' lang='lat' dir='ltr'>quemadmodum</span> <span class='ocrx_word' id='word_1_368' title='bbox 1233 2959 1329 3007; x_wconf 89' lang='lat' dir='ltr'>cuncta</span> <span class='ocrx_word' id='word_1_369' title='bbox 1355 2964 1390 3004; x_wconf 85' lang='lat' dir='ltr'>ex</span> <span class='ocrx_word' id='word_1_370' title='bbox 1406 2949 1510 3007; x_wconf 91' lang='lat' dir='ltr'>causis</span> <span class='ocrx_word' id='word_1_371' title='bbox 1532 2952 1596 3008; x_wconf 86' lang='lat' dir='ltr'>suis</span> <span class='ocrx_word' id='word_1_372' title='bbox 1617 2950 1765 3024; x_wconf 58' lang='lat' dir='ltr'>protanam</span> 
     </span>
     <span class='ocr_line' id='line_1_36' title="bbox 141 3034 1765 3112; baseline 0.007 -22"><span class='ocrx_word' id='word_1_373' title='bbox 141 3034 281 3101; x_wconf 77' lang='lat' dir='ltr'>obtutibus,</span> <span class='ocrx_word' id='word_1_374' title='bbox 295 3051 366 3106; x_wconf 85' lang='lat' dir='ltr'>quae</span> <span class='ocrx_word' id='word_1_375' title='bbox 390 3036 418 3092; x_wconf 93' lang='lat' dir='ltr'>in</span> <span class='ocrx_word' id='word_1_376' title='bbox 442 3037 483 3094; x_wconf 93' lang='lat' dir='ltr'>eis</span> <span class='ocrx_word' id='word_1_377' title='bbox 502 3047 574 3106; x_wconf 89' lang='lat' dir='ltr'>sunt,</span> <span class='ocrx_word' id='word_1_378' title='bbox 589 3039 755 3095; x_wconf 85' lang='lat' dir='ltr'>transitura?</span> <span class='ocrx_word' id='word_1_379' title='bbox 769 3039 846 3108; x_wconf 85' lang='lat' dir='ltr'>Quod</span> <span class='ocrx_word' id='word_1_380' title='bbox 868 3038 941 3095; x_wconf 90' lang='lat' dir='ltr'>enim</span> <span class='ocrx_word' id='word_1_381' title='bbox 992 3049 1030 3104; x_wconf 68' lang='lat' dir='ltr'>tua</span> <span class='ocrx_word' id='word_1_382' title='bbox 1044 3056 1072 3102; x_wconf 77' lang='lat' dir='ltr'>es</span> <span class='ocrx_word' id='word_1_383' title='bbox 1086 3046 1141 3102; x_wconf 77' lang='lat' dir='ltr'>tila.</span> <span class='ocrx_word' id='word_1_384' title='bbox 1162 3044 1293 3099; x_wconf 78' lang='lat' dir='ltr'>Rationes</span> <span class='ocrx_word' id='word_1_385' title='bbox 1309 3041 1449 3112; x_wconf 85' lang='lat' dir='ltr'>siquidem</span> <span class='ocrx_word' id='word_1_386' title='bbox 1466 3045 1480 3078; x_wconf 77' lang='lat'><strong>·</strong></span> <span class='ocrx_word' id='word_1_387' title='bbox 1500 3042 1627 3100; x_wconf 87' lang='lat' dir='ltr'>locorum</span> <span class='ocrx_word' id='word_1_388' title='bbox 1648 3051 1673 3100; x_wconf 88' lang='lat' dir='ltr'>et</span> <span class='ocrx_word' id='word_1_389' title='bbox 1691 3053 1765 3109; x_wconf 59' lang='lat' dir='ltr'>tw</span> 
     </span>
     <span class='ocr_line' id='line_1_37' title="bbox 143 3126 1768 3210; baseline 0.006 -30"><span class='ocrx_word' id='word_1_390' title='bbox 143 3126 245 3180; x_wconf 82' lang='lat' dir='ltr'>veritas</span> <span class='ocrx_word' id='word_1_391' title='bbox 257 3127 392 3196; x_wconf 89' lang='lat' dir='ltr'>promisit,</span> <span class='ocrx_word' id='word_1_392' title='bbox 408 3128 603 3188; x_wconf 82' lang='lat' dir='ltr'>inevitabiliter</span> <span class='ocrx_word' id='word_1_393' title='bbox 615 3131 678 3189; x_wconf 91' lang='lat' dir='ltr'>erit.</span> <span class='ocrx_word' id='word_1_394' title='bbox 700 3131 775 3188; x_wconf 86' lang='lat' dir='ltr'>Drsc.</span> <span class='ocrx_word' id='word_1_395' title='bbox 791 3131 849 3188; x_wconf 89' lang='lat' dir='ltr'>llon</span> <span class='ocrx_word' id='word_1_396' title='bbox 863 3131 942 3187; x_wconf 90' lang='lat' dir='ltr'>alior·</span> <span class='ocrx_word' id='word_1_397' title='bbox 993 3154 1064 3204; x_wconf 71' lang='lat' dir='ltr'>puin,</span> <span class='ocrx_word' id='word_1_398' title='bbox 1076 3137 1234 3210; x_wconf 83' lang='lat' dir='ltr'>priusquam</span> <span class='ocrx_word' id='word_1_399' title='bbox 1248 3134 1275 3188; x_wconf 95' lang='lat' dir='ltr'>iu</span> <span class='ocrx_word' id='word_1_400' title='bbox 1287 3131 1388 3188; x_wconf 92' lang='lat' dir='ltr'>mundo</span> <span class='ocrx_word' id='word_1_401' title='bbox 1400 3142 1586 3199; x_wconf 82' lang='lat' dir='ltr'>crearentur,</span> <span class='ocrx_word' id='word_1_402' title='bbox 1598 3134 1624 3188; x_wconf 87' lang='grc' dir='ltr'>ιιι</span> <span class='ocrx_word' id='word_1_403' title='bbox 1638 3130 1715 3186; x_wconf 79' lang='lat' dir='ltr'>Verbo</span> <span class='ocrx_word' id='word_1_404' title='bbox 1726 3127 1768 3187; x_wconf 67' lang='lat' dir='ltr'>[lai</span> 
     </span>
     <span class='ocr_line' id='line_1_38' title="bbox 144 3218 1770 3298; baseline -0.001 -26"><span class='ocrx_word' id='word_1_405' title='bbox 144 3230 216 3281; x_wconf 90' lang='lat' dir='ltr'>sum,</span> <span class='ocrx_word' id='word_1_406' title='bbox 231 3225 261 3271; x_wconf 96' lang='grc' dir='ltr'>ιιι</span> <span class='ocrx_word' id='word_1_407' title='bbox 276 3231 384 3285; x_wconf 89' lang='lat' dir='ltr'>censeo,</span> <span class='ocrx_word' id='word_1_408' title='bbox 402 3221 456 3277; x_wconf 88' lang='lat' dir='ltr'>nisi</span> <span class='ocrx_word' id='word_1_409' title='bbox 471 3223 497 3278; x_wconf 90' lang='lat' dir='ltr'>iu</span> <span class='ocrx_word' id='word_1_410' title='bbox 511 3238 553 3289; x_wconf 90' lang='lat' dir='ltr'>ea,</span> <span class='ocrx_word' id='word_1_411' title='bbox 572 3239 606 3280; x_wconf 85' lang='lat' dir='ltr'>ex</span> <span class='ocrx_word' id='word_1_412' title='bbox 625 3227 723 3296; x_wconf 88' lang='lat' dir='ltr'>quibus</span> <span class='ocrx_word' id='word_1_413' title='bbox 735 3232 940 3298; x_wconf 86' lang='lat' dir='ltr'>processerunt.</span> <span class='ocrx_word' id='word_1_414' title='bbox 993 3228 1020 3284; x_wconf 90' lang='lat' dir='ltr'>iu</span> <span class='ocrx_word' id='word_1_415' title='bbox 1045 3242 1099 3298; x_wconf 91' lang='lat' dir='ltr'>quo</span> <span class='ocrx_word' id='word_1_416' title='bbox 1122 3225 1195 3282; x_wconf 89' lang='lat' dir='ltr'>iacta</span> <span class='ocrx_word' id='word_1_417' title='bbox 1220 3232 1284 3279; x_wconf 92' lang='lat' dir='ltr'>sunt</span> <span class='ocrx_word' id='word_1_418' title='bbox 1308 3221 1417 3286; x_wconf 87' lang='lat' dir='ltr'>oturria,</span> <span class='ocrx_word' id='word_1_419' title='bbox 1442 3228 1658 3293; x_wconf 70' lang='lat' dir='ltr'>praecesseraut.</span> <span class='ocrx_word' id='word_1_420' title='bbox 1678 3218 1770 3274; x_wconf 75' lang='lat' dir='ltr'>Addunt</span> 
     </span>
     <span class='ocr_line' id='line_1_39' title="bbox 144 3285 1768 3385; baseline 0.001 -23"><span class='ocrx_word' id='word_1_421' title='bbox 144 3305 338 3362; x_wconf 84' lang='lat' dir='ltr'>Processerunt</span> <span class='ocrx_word' id='word_1_422' title='bbox 352 3317 443 3365; x_wconf 89' lang='lat' dir='ltr'>autem</span> <span class='ocrx_word' id='word_1_423' title='bbox 454 3324 488 3366; x_wconf 83' lang='lat' dir='ltr'>ex</span> <span class='ocrx_word' id='word_1_424' title='bbox 500 3312 592 3368; x_wconf 89' lang='lat' dir='ltr'>causis</span> <span class='ocrx_word' id='word_1_425' title='bbox 605 3314 818 3384; x_wconf 89' lang='lat' dir='ltr'>generalissimis</span> <span class='ocrx_word' id='word_1_426' title='bbox 838 3322 866 3371; x_wconf 92' lang='lat' dir='ltr'>et</span> <span class='ocrx_word' id='word_1_427' title='bbox 884 3285 979 3385; x_wconf 70' lang='lat' dir='ltr'>spe(2</span> <span class='ocrx_word' id='word_1_428' title='bbox 993 3320 1077 3377; x_wconf 90' lang='lat' dir='ltr'>etiam</span> <span class='ocrx_word' id='word_1_429' title='bbox 1104 3317 1341 3374; x_wconf 87' lang='lat' dir='ltr'>ratiocinationem</span> <span class='ocrx_word' id='word_1_430' title='bbox 1367 3332 1375 3369; x_wconf 76' lang='grc' dir='ltr'><strong><em>ε</em></strong></span> <span class='ocrx_word' id='word_1_431' title='bbox 1400 3314 1425 3370; x_wconf 92' lang='lat' dir='ltr'>si</span> <span class='ocrx_word' id='word_1_432' title='bbox 1447 3314 1517 3372; x_wconf 89' lang='lat' dir='ltr'>loca</span> <span class='ocrx_word' id='word_1_433' title='bbox 1541 3323 1568 3372; x_wconf 84' lang='lat' dir='ltr'>et</span> <span class='ocrx_word' id='word_1_434' title='bbox 1589 3323 1702 3385; x_wconf 77' lang='lat' dir='ltr'>tempora</span> <span class='ocrx_word' id='word_1_435' title='bbox 1723 3318 1768 3364; x_wconf 88' lang='lat' dir='ltr'>aatt</span> 
     </span>
     <span class='ocr_line' id='line_1_40' title="bbox 144 3395 1766 3480; baseline 0.002 -27"><span class='ocrx_word' id='word_1_436' title='bbox 144 3395 299 3453; x_wconf 88' lang='lat' dir='ltr'>clalissimis</span> <span class='ocrx_word' id='word_1_437' title='bbox 318 3398 488 3466; x_wconf 88' lang='lat' dir='ltr'>substantiis,</span> <span class='ocrx_word' id='word_1_438' title='bbox 508 3413 558 3470; x_wconf 92' lang='lat' dir='ltr'>per</span> <span class='ocrx_word' id='word_1_439' title='bbox 576 3412 732 3473; x_wconf 89' lang='lat' dir='ltr'>compactas</span> <span class='ocrx_word' id='word_1_440' title='bbox 755 3405 783 3459; x_wconf 92' lang='lat' dir='ltr'>in</span> <span class='ocrx_word' id='word_1_441' title='bbox 801 3405 942 3462; x_wconf 90' lang='lat' dir='ltr'>materiam</span> <span class='ocrx_word' id='word_1_442' title='bbox 994 3409 1125 3468; x_wconf 80' lang='lat' dir='ltr'>mundum</span> <span class='ocrx_word' id='word_1_443' title='bbox 1139 3407 1226 3476; x_wconf 87' lang='lat' dir='ltr'>luere,</span> <span class='ocrx_word' id='word_1_444' title='bbox 1240 3405 1362 3480; x_wconf 81' lang='lat' dir='ltr'>prolecto</span> <span class='ocrx_word' id='word_1_445' title='bbox 1376 3414 1500 3461; x_wconf 91' lang='lat' dir='ltr'>aeterna</span> <span class='ocrx_word' id='word_1_446' title='bbox 1517 3415 1599 3473; x_wconf 85' lang='lat' dir='ltr'>sunt;</span> <span class='ocrx_word' id='word_1_447' title='bbox 1617 3403 1766 3461; x_wconf 68' lang='lat' dir='ltr'>elsim</span> 
     </span>
     <span class='ocr_line' id='line_1_41' title="bbox 145 3489 1767 3571; baseline 0.004 -27"><span class='ocrx_word' id='word_1_448' title='bbox 145 3489 302 3560; x_wconf 86' lang='lat' dir='ltr'>qualitates,</span> <span class='ocrx_word' id='word_1_449' title='bbox 315 3492 406 3548; x_wconf 89' lang='lat' dir='ltr'>addita</span> <span class='ocrx_word' id='word_1_450' title='bbox 417 3492 514 3549; x_wconf 88' lang='lat' dir='ltr'>lorma.</span> <span class='ocrx_word' id='word_1_451' title='bbox 528 3493 559 3550; x_wconf 93' lang='lat' dir='ltr'>ln</span> <span class='ocrx_word' id='word_1_452' title='bbox 568 3496 679 3552; x_wconf 90' lang='lat' dir='ltr'>easdem</span> <span class='ocrx_word' id='word_1_453' title='bbox 692 3497 774 3570; x_wconf 90' lang='lat' dir='ltr'>igitur</span> <span class='ocrx_word' id='word_1_454' title='bbox 785 3497 943 3555; x_wconf 91' lang='lat' dir='ltr'>incunctan·</span> <span class='ocrx_word' id='word_1_455' title='bbox 994 3510 1069 3567; x_wconf 84' lang='lat' dir='ltr'>stunt,</span> <span class='ocrx_word' id='word_1_456' title='bbox 1081 3510 1130 3556; x_wconf 89' lang='lat' dir='ltr'>aut</span> <span class='ocrx_word' id='word_1_457' title='bbox 1142 3500 1213 3556; x_wconf 88' lang='lat' dir='ltr'>beus</span> <span class='ocrx_word' id='word_1_458' title='bbox 1228 3507 1303 3564; x_wconf 92' lang='lat' dir='ltr'>sunt,</span> <span class='ocrx_word' id='word_1_459' title='bbox 1317 3506 1364 3552; x_wconf 92' lang='lat' dir='ltr'>aut</span> <span class='ocrx_word' id='word_1_460' title='bbox 1378 3497 1559 3571; x_wconf 86' lang='lat' dir='ltr'>principales</span> <span class='ocrx_word' id='word_1_461' title='bbox 1572 3497 1767 3555; x_wconf 63' lang='lat' dir='ltr'>omnium</span> 
     </span>
     <span class='ocr_line' id='line_1_42' title="bbox 147 3581 1765 3662; baseline 0.002 -24"><span class='ocrx_word' id='word_1_462' title='bbox 147 3590 190 3638; x_wconf 89' lang='lat' dir='ltr'>ter</span> <span class='ocrx_word' id='word_1_463' title='bbox 203 3581 366 3638; x_wconf 88' lang='lat' dir='ltr'>transibunt.</span> <span class='ocrx_word' id='word_1_464' title='bbox 389 3581 443 3638; x_wconf 87' lang='lat' dir='ltr'>Sed</span> <span class='ocrx_word' id='word_1_465' title='bbox 465 3598 535 3654; x_wconf 89' lang='lat' dir='ltr'>quae</span> <span class='ocrx_word' id='word_1_466' title='bbox 556 3592 620 3640; x_wconf 88' lang='lat' dir='ltr'>sum</span> <span class='ocrx_word' id='word_1_467' title='bbox 640 3584 685 3640; x_wconf 92' lang='lat' dir='ltr'>illa</span> <span class='ocrx_word' id='word_1_468' title='bbox 704 3587 787 3642; x_wconf 88' lang='lat' dir='ltr'>rerba</span> <span class='ocrx_word' id='word_1_469' title='bbox 808 3587 942 3656; x_wconf 86' lang='lat' dir='ltr'>veritatis,</span> <span class='ocrx_word' id='word_1_470' title='bbox 994 3592 1021 3648; x_wconf 92' lang='lat' dir='ltr'>iu</span> <span class='ocrx_word' id='word_1_471' title='bbox 1045 3591 1175 3662; x_wconf 87' lang='lat' dir='ltr'>sapientia</span> <span class='ocrx_word' id='word_1_472' title='bbox 1194 3590 1285 3645; x_wconf 83' lang='lat' dir='ltr'>diviua</span> <span class='ocrx_word' id='word_1_473' title='bbox 1311 3588 1507 3644; x_wconf 89' lang='lat' dir='ltr'>substitutae:</span> <span class='ocrx_word' id='word_1_474' title='bbox 1527 3586 1765 3662; x_wconf 78' lang='lat' dir='ltr'>quousutttsiar·</span> 
     </span>
     <span class='ocr_line' id='line_1_43' title="bbox 145 3676 1764 3746; baseline 0.002 -16"><span class='ocrx_word' id='word_1_475' title='bbox 145 3688 217 3746; x_wconf 90' lang='lat' dir='ltr'>quae</span> <span class='ocrx_word' id='word_1_476' title='bbox 230 3688 367 3744; x_wconf 87' lang='lat' dir='ltr'>nunquam</span> <span class='ocrx_word' id='word_1_477' title='bbox 388 3676 553 3743; x_wconf 91' lang='lat' dir='ltr'>transibunt,</span> <span class='ocrx_word' id='word_1_478' title='bbox 571 3692 652 3733; x_wconf 92' lang='lat' dir='ltr'>nosse</span> <span class='ocrx_word' id='word_1_479' title='bbox 671 3678 763 3734; x_wconf 84' lang='lat' dir='ltr'>uelim.</span> <span class='ocrx_word' id='word_1_480' title='bbox 786 3678 844 3736; x_wconf 84' lang='lat' dir='ltr'>Non</span> <span class='ocrx_word' id='word_1_481' title='bbox 870 3680 942 3737; x_wconf 89' lang='lat' dir='ltr'>enim</span> <span class='ocrx_word' id='word_1_482' title='bbox 993 3694 1036 3742; x_wconf 87' lang='lat' dir='ltr'>est</span> <span class='ocrx_word' id='word_1_483' title='bbox 1048 3683 1196 3740; x_wconf 90' lang='lat' dir='ltr'>aestimari.</span> <span class='ocrx_word' id='word_1_484' title='bbox 1213 3681 1272 3737; x_wconf 84' lang='lat' dir='ltr'>lluo</span> <span class='ocrx_word' id='word_1_485' title='bbox 1286 3680 1358 3736; x_wconf 91' lang='lat' dir='ltr'>enim</span> <span class='ocrx_word' id='word_1_486' title='bbox 1372 3680 1495 3736; x_wconf 82' lang='lat' dir='ltr'>maximi</span> <span class='ocrx_word' id='word_1_487' title='bbox 1510 3696 1627 3739; x_wconf 82' lang='lat' dir='ltr'>errores</span> <span class='ocrx_word' id='word_1_488' title='bbox 1640 3677 1764 3737; x_wconf 77' lang='lat' dir='ltr'>molbrai</span> 
     </span>
     <span class='ocr_line' id='line_1_44' title="bbox 144 3763 1764 3846; baseline 0.003 -27"><span class='ocrx_word' id='word_1_489' title='bbox 144 3763 201 3833; x_wconf 90' lang='lat' dir='ltr'>illa,</span> <span class='ocrx_word' id='word_1_490' title='bbox 221 3779 291 3837; x_wconf 91' lang='lat' dir='ltr'>quae</span> <span class='ocrx_word' id='word_1_491' title='bbox 309 3764 362 3821; x_wconf 90' lang='lat' dir='ltr'>ictu</span> <span class='ocrx_word' id='word_1_492' title='bbox 382 3767 453 3822; x_wconf 78' lang='lat' dir='ltr'>aeris</span> <span class='ocrx_word' id='word_1_493' title='bbox 477 3765 663 3837; x_wconf 91' lang='lat' dir='ltr'>proleruntor,</span> <span class='ocrx_word' id='word_1_494' title='bbox 678 3768 778 3840; x_wconf 92' lang='lat' dir='ltr'>quibus</span> <span class='ocrx_word' id='word_1_495' title='bbox 799 3770 857 3841; x_wconf 91' lang='lat' dir='ltr'>ipsa</span> <span class='ocrx_word' id='word_1_496' title='bbox 874 3771 944 3827; x_wconf 88' lang='lat' dir='ltr'>veri·</span> <span class='ocrx_word' id='word_1_497' title='bbox 994 3793 1075 3843; x_wconf 83' lang='lat' dir='ltr'>utrm,</span> <span class='ocrx_word' id='word_1_498' title='bbox 1089 3784 1120 3832; x_wconf 93' lang='lat' dir='ltr'>ut</span> <span class='ocrx_word' id='word_1_499' title='bbox 1133 3776 1171 3831; x_wconf 93' lang='lat' dir='ltr'>ait</span> <span class='ocrx_word' id='word_1_500' title='bbox 1185 3773 1372 3846; x_wconf 77' lang='lat' dir='ltr'>Augustinus:</span> <span class='ocrx_word' id='word_1_501' title='bbox 1389 3772 1449 3827; x_wconf 84' lang='lat' dir='ltr'>loca</span> <span class='ocrx_word' id='word_1_502' title='bbox 1464 3791 1556 3846; x_wconf 81' lang='lat' dir='ltr'>supro</span> <span class='ocrx_word' id='word_1_503' title='bbox 1571 3774 1687 3839; x_wconf 75' lang='grc' dir='ltr'>οιιιιιιιι,</span> <span class='ocrx_word' id='word_1_504' title='bbox 1698 3782 1764 3826; x_wconf 65' lang='lat' dir='ltr'>ur*</span> 
     </span>
     <span class='ocr_line' id='line_1_45' title="bbox 144 3856 1763 3939; baseline 0.005 -29"><span class='ocrx_word' id='word_1_505' title='bbox 144 3864 197 3922; x_wconf 87' lang='lat' dir='ltr'>tas,</span> <span class='ocrx_word' id='word_1_506' title='bbox 213 3856 275 3915; x_wconf 89' lang='lat' dir='ltr'>dum</span> <span class='ocrx_word' id='word_1_507' title='bbox 288 3858 456 3927; x_wconf 86' lang='lat' dir='ltr'>praesensio</span> <span class='ocrx_word' id='word_1_508' title='bbox 469 3873 552 3914; x_wconf 90' lang='lat' dir='ltr'>carne</span> <span class='ocrx_word' id='word_1_509' title='bbox 565 3858 665 3928; x_wconf 84' lang='lat' dir='ltr'>irrorat,</span> <span class='ocrx_word' id='word_1_510' title='bbox 678 3862 835 3920; x_wconf 89' lang='lat' dir='ltr'>hominibus</span> <span class='ocrx_word' id='word_1_511' title='bbox 853 3863 943 3920; x_wconf 87' lang='lat' dir='ltr'>locuta</span> <span class='ocrx_word' id='word_1_512' title='bbox 993 3883 1059 3939; x_wconf 84' lang='lat' dir='ltr'>poro</span> <span class='ocrx_word' id='word_1_513' title='bbox 1072 3876 1133 3921; x_wconf 82' lang='lat' dir='ltr'>oute</span> <span class='ocrx_word' id='word_1_514' title='bbox 1148 3864 1276 3920; x_wconf 83' lang='lat' dir='ltr'>mandam</span> <span class='ocrx_word' id='word_1_515' title='bbox 1286 3872 1390 3934; x_wconf 82' lang='lat' dir='ltr'>putore.</span> <span class='ocrx_word' id='word_1_516' title='bbox 1403 3862 1582 3934; x_wconf 46' lang='lat' dir='ltr'>*per-ime</span> <span class='ocrx_word' id='word_1_517' title='bbox 1591 3858 1763 3921; x_wconf 68' lang='lat' dir='ltr'>sandow.</span> 
     </span>
     <span class='ocr_line' id='line_1_46' title="bbox 144 3945 1762 4028; baseline 0.003 -24"><span class='ocrx_word' id='word_1_518' title='bbox 144 3955 197 4015; x_wconf 90' lang='lat' dir='ltr'>est,</span> <span class='ocrx_word' id='word_1_519' title='bbox 211 3945 374 4004; x_wconf 88' lang='lat' dir='ltr'>crediderim</span> <span class='ocrx_word' id='word_1_520' title='bbox 390 3947 462 4007; x_wconf 87' lang='lat' dir='ltr'>esse.</span> <span class='ocrx_word' id='word_1_521' title='bbox 479 3950 648 4009; x_wconf 84' lang='lat' dir='ltr'>Transitorio</span> <span class='ocrx_word' id='word_1_522' title='bbox 661 3963 877 4026; x_wconf 90' lang='lat' dir='ltr'>namqueerant,</span> <span class='ocrx_word' id='word_1_523' title='bbox 890 3956 944 4013; x_wconf 91' lang='lat' dir='ltr'>sic·</span> <span class='ocrx_word' id='word_1_524' title='bbox 995 3965 1117 4028; x_wconf 90' lang='lat' dir='ltr'>tempora</span> <span class='ocrx_word' id='word_1_525' title='bbox 1131 3953 1264 4012; x_wconf 90' lang='lat' dir='ltr'>secularia</span> <span class='ocrx_word' id='word_1_526' title='bbox 1286 3953 1367 4009; x_wconf 91' lang='lat' dir='ltr'>simul</span> <span class='ocrx_word' id='word_1_527' title='bbox 1386 3968 1450 4009; x_wconf 92' lang='lat' dir='ltr'>cum</span> <span class='ocrx_word' id='word_1_528' title='bbox 1468 3955 1581 4011; x_wconf 91' lang='lat' dir='ltr'>mundo</span> <span class='ocrx_word' id='word_1_529' title='bbox 1596 3966 1657 4011; x_wconf 92' lang='lat' dir='ltr'>orta</span> <span class='ocrx_word' id='word_1_530' title='bbox 1669 3955 1762 4011; x_wconf 64' lang='lat' dir='ltr'>stem</span> 
     </span>
     <span class='ocr_line' id='line_1_47' title="bbox 145 4041 1762 4114; baseline 0.004 -23"><span class='ocrx_word' id='word_1_531' title='bbox 145 4045 176 4092; x_wconf 94' lang='lat' dir='ltr'>ut</span> <span class='ocrx_word' id='word_1_532' title='bbox 199 4045 227 4093; x_wconf 93' lang='lat' dir='ltr'>et</span> <span class='ocrx_word' id='word_1_533' title='bbox 247 4045 399 4094; x_wconf 87' lang='lat' dir='ltr'>ceterorum</span> <span class='ocrx_word' id='word_1_534' title='bbox 423 4041 563 4098; x_wconf 92' lang='lat' dir='ltr'>bominum</span> <span class='ocrx_word' id='word_1_535' title='bbox 587 4045 681 4100; x_wconf 78' lang='lat' dir='ltr'>sorba.</span> <span class='ocrx_word' id='word_1_536' title='bbox 707 4045 778 4102; x_wconf 86' lang='lat' dir='ltr'>llao.</span> <span class='ocrx_word' id='word_1_537' title='bbox 804 4046 864 4104; x_wconf 87' lang='lat' dir='ltr'>Nou</span> <span class='ocrx_word' id='word_1_538' title='bbox 890 4047 943 4106; x_wconf 90' lang='lat' dir='ltr'>alia</span> <span class='ocrx_word' id='word_1_539' title='bbox 994 4062 1066 4112; x_wconf 88' lang='lat' dir='ltr'>esse,</span> <span class='ocrx_word' id='word_1_540' title='bbox 1079 4055 1108 4102; x_wconf 92' lang='lat' dir='ltr'>et</span> <span class='ocrx_word' id='word_1_541' title='bbox 1121 4045 1194 4101; x_wconf 92' lang='lat' dir='ltr'>nullo</span> <span class='ocrx_word' id='word_1_542' title='bbox 1216 4044 1297 4099; x_wconf 93' lang='lat' dir='ltr'>modo</span> <span class='ocrx_word' id='word_1_543' title='bbox 1317 4044 1405 4114; x_wconf 90' lang='lat' dir='ltr'>ipsum</span> <span class='ocrx_word' id='word_1_544' title='bbox 1419 4047 1628 4112; x_wconf 82' lang='lat' dir='ltr'>praecessisse.</span> <span class='ocrx_word' id='word_1_545' title='bbox 1645 4044 1673 4100; x_wconf 87' lang='lat' dir='ltr'>la</span> <span class='ocrx_word' id='word_1_546' title='bbox 1687 4052 1762 4098; x_wconf 63' lang='lat' dir='ltr'>nm</span> 
     </span>
     <span class='ocr_line' id='line_1_48' title="bbox 147 4129 1762 4207; baseline -0.002 -16"><span class='ocrx_word' id='word_1_547' title='bbox 147 4133 263 4191; x_wconf 77' lang='lat' dir='ltr'>dixerim</span> <span class='ocrx_word' id='word_1_548' title='bbox 276 4134 358 4191; x_wconf 88' lang='lat' dir='ltr'>rerba</span> <span class='ocrx_word' id='word_1_549' title='bbox 373 4136 506 4202; x_wconf 88' lang='lat' dir='ltr'>veritatis,</span> <span class='ocrx_word' id='word_1_550' title='bbox 517 4136 569 4203; x_wconf 86' lang='lat' dir='ltr'>vel,</span> <span class='ocrx_word' id='word_1_551' title='bbox 582 4147 611 4194; x_wconf 94' lang='lat' dir='ltr'>ut</span> <span class='ocrx_word' id='word_1_552' title='bbox 626 4139 664 4194; x_wconf 91' lang='lat' dir='ltr'>ita</span> <span class='ocrx_word' id='word_1_553' title='bbox 673 4139 772 4205; x_wconf 90' lang='lat' dir='ltr'>dicam,</span> <span class='ocrx_word' id='word_1_554' title='bbox 784 4141 865 4196; x_wconf 88' lang='lat' dir='ltr'>rerba</span> <span class='ocrx_word' id='word_1_555' title='bbox 879 4141 943 4198; x_wconf 88' lang='lat' dir='ltr'>ller-</span> <span class='ocrx_word' id='word_1_556' title='bbox 994 4137 1086 4207; x_wconf 88' lang='lat' dir='ltr'>itaque</span> <span class='ocrx_word' id='word_1_557' title='bbox 1098 4150 1209 4200; x_wconf 91' lang='lat' dir='ltr'>eorum,</span> <span class='ocrx_word' id='word_1_558' title='bbox 1224 4149 1295 4204; x_wconf 88' lang='lat' dir='ltr'>quac</span> <span class='ocrx_word' id='word_1_559' title='bbox 1310 4134 1380 4188; x_wconf 90' lang='lat' dir='ltr'>intra</span> <span class='ocrx_word' id='word_1_560' title='bbox 1400 4135 1541 4190; x_wconf 88' lang='lat' dir='ltr'>mundum</span> <span class='ocrx_word' id='word_1_561' title='bbox 1561 4129 1762 4194; x_wconf 72' lang='lat' dir='ltr'>contineamur</span> 
     </span>
     <span class='ocr_line' id='line_1_49' title="bbox 146 4224 1761 4304; baseline -0.001 -20"><span class='ocrx_word' id='word_1_562' title='bbox 146 4226 185 4294; x_wconf 94' lang='lat' dir='ltr'>bi,</span> <span class='ocrx_word' id='word_1_563' title='bbox 198 4225 262 4298; x_wconf 90' lang='lat' dir='ltr'>quia</span> <span class='ocrx_word' id='word_1_564' title='bbox 273 4226 376 4283; x_wconf 84' lang='lat' dir='ltr'>ueritas</span> <span class='ocrx_word' id='word_1_565' title='bbox 392 4227 511 4285; x_wconf 80' lang='lat' dir='ltr'>Verbum</span> <span class='ocrx_word' id='word_1_566' title='bbox 525 4236 578 4296; x_wconf 91' lang='lat' dir='ltr'>est,</span> <span class='ocrx_word' id='word_1_567' title='bbox 592 4229 644 4286; x_wconf 88' lang='lat' dir='ltr'>uisi</span> <span class='ocrx_word' id='word_1_568' title='bbox 658 4244 755 4287; x_wconf 88' lang='lat' dir='ltr'>causas</span> <span class='ocrx_word' id='word_1_569' title='bbox 768 4231 904 4304; x_wconf 88' lang='lat' dir='ltr'>praelatas</span> <span class='ocrx_word' id='word_1_570' title='bbox 915 4240 944 4289; x_wconf 88' lang='lat' dir='ltr'>et</span> <span class='ocrx_word' id='word_1_571' title='bbox 994 4243 1057 4286; x_wconf 89' lang='lat' dir='ltr'>eum</span> <span class='ocrx_word' id='word_1_572' title='bbox 1070 4236 1098 4285; x_wconf 95' lang='lat' dir='ltr'>et</span> <span class='ocrx_word' id='word_1_573' title='bbox 1113 4236 1219 4298; x_wconf 79' lang='lat' dir='ltr'>terripus</span> <span class='ocrx_word' id='word_1_574' title='bbox 1232 4224 1489 4282; x_wconf 89' lang='lat' dir='ltr'>connumerandum</span> <span class='ocrx_word' id='word_1_575' title='bbox 1503 4241 1574 4283; x_wconf 82' lang='lat' dir='ltr'>vera</span> <span class='ocrx_word' id='word_1_576' title='bbox 1588 4228 1660 4283; x_wconf 89' lang='lat' dir='ltr'>ratio</span> <span class='ocrx_word' id='word_1_577' title='bbox 1671 4226 1761 4296; x_wconf 59' lang='lat' dir='ltr'>aaut*</span> 
     </span>
     <span class='ocr_line' id='line_1_50' title="bbox 145 4315 1760 4395; baseline -0.003 -19"><span class='ocrx_word' id='word_1_578' title='bbox 145 4318 393 4386; x_wconf 86' lang='lat' dir='ltr'>substantias,ltoc</span> <span class='ocrx_word' id='word_1_579' title='bbox 405 4328 448 4376; x_wconf 88' lang='lat' dir='ltr'>est</span> <span class='ocrx_word' id='word_1_580' title='bbox 468 4319 703 4378; x_wconf 85' lang='lat' dir='ltr'>incommutabiles</span> <span class='ocrx_word' id='word_1_581' title='bbox 716 4337 808 4378; x_wconf 93' lang='lat' dir='ltr'>rerum</span> <span class='ocrx_word' id='word_1_582' title='bbox 821 4323 943 4381; x_wconf 88' lang='lat' dir='ltr'>rationes</span> <span class='ocrx_word' id='word_1_583' title='bbox 993 4335 1042 4392; x_wconf 92' lang='lat' dir='ltr'>per</span> <span class='ocrx_word' id='word_1_584' title='bbox 1066 4319 1129 4384; x_wconf 88' lang='lat' dir='ltr'>boc,</span> <span class='ocrx_word' id='word_1_585' title='bbox 1153 4333 1207 4374; x_wconf 93' lang='lat' dir='ltr'>uon</span> <span class='ocrx_word' id='word_1_586' title='bbox 1233 4315 1320 4372; x_wconf 91' lang='lat' dir='ltr'>solum</span> <span class='ocrx_word' id='word_1_587' title='bbox 1343 4316 1372 4371; x_wconf 90' lang='lat' dir='ltr'>iu</span> <span class='ocrx_word' id='word_1_588' title='bbox 1399 4315 1479 4386; x_wconf 91' lang='lat' dir='ltr'>ipsis,</span> <span class='ocrx_word' id='word_1_589' title='bbox 1511 4319 1647 4390; x_wconf 86' lang='lat' dir='ltr'>quioquid</span> <span class='ocrx_word' id='word_1_590' title='bbox 1665 4319 1694 4395; x_wconf 81' lang='lat' dir='ltr'>iu</span> <span class='ocrx_word' id='word_1_591' title='bbox 1711 4326 1760 4371; x_wconf 70' lang='grc' dir='ltr'>ι</span> 
     </span>
     <span class='ocr_line' id='line_1_51' title="bbox 145 4407 1760 4484; baseline -0.001 -16"><span class='ocrx_word' id='word_1_592' title='bbox 145 4412 172 4468; x_wconf 91' lang='lat' dir='ltr'>in</span> <span class='ocrx_word' id='word_1_593' title='bbox 184 4411 320 4482; x_wconf 89' lang='lat' dir='ltr'>sapientia</span> <span class='ocrx_word' id='word_1_594' title='bbox 339 4411 387 4468; x_wconf 87' lang='lat' dir='ltr'>bei</span> <span class='ocrx_word' id='word_1_595' title='bbox 409 4410 512 4478; x_wconf 89' lang='lat' dir='ltr'>lactas,</span> <span class='ocrx_word' id='word_1_596' title='bbox 528 4414 675 4470; x_wconf 90' lang='lat' dir='ltr'>secundum</span> <span class='ocrx_word' id='word_1_597' title='bbox 694 4429 762 4484; x_wconf 92' lang='lat' dir='ltr'>quas</span> <span class='ocrx_word' id='word_1_598' title='bbox 776 4413 892 4470; x_wconf 86' lang='lat' dir='ltr'>risibilia</span> <span class='ocrx_word' id='word_1_599' title='bbox 915 4422 943 4471; x_wconf 89' lang='lat' dir='ltr'>et</span> <span class='ocrx_word' id='word_1_600' title='bbox 994 4411 1058 4467; x_wconf 93' lang='lat' dir='ltr'>dum</span> <span class='ocrx_word' id='word_1_601' title='bbox 1071 4411 1156 4477; x_wconf 88' lang='lat' dir='ltr'>renit,</span> <span class='ocrx_word' id='word_1_602' title='bbox 1168 4409 1292 4482; x_wconf 90' lang='lat' dir='ltr'>generari</span> <span class='ocrx_word' id='word_1_603' title='bbox 1306 4438 1341 4448; x_wconf 98' lang='lat'>-</span> <span class='ocrx_word' id='word_1_604' title='bbox 1355 4407 1482 4465; x_wconf 92' lang='lat' dir='ltr'>locorum</span> <span class='ocrx_word' id='word_1_605' title='bbox 1499 4425 1626 4483; x_wconf 89' lang='lat' dir='ltr'>namque</span> <span class='ocrx_word' id='word_1_606' title='bbox 1636 4417 1760 4480; x_wconf 61' lang='lat' dir='ltr'>tenna*</span> 
     </span>
     <span class='ocr_line' id='line_1_52' title="bbox 145 4497 1761 4576; baseline -0.004 -16"><span class='ocrx_word' id='word_1_607' title='bbox 145 4503 293 4561; x_wconf 84' lang='lat' dir='ltr'>invisibilia</span> <span class='ocrx_word' id='word_1_608' title='bbox 306 4503 415 4560; x_wconf 93' lang='lat' dir='ltr'>condita</span> <span class='ocrx_word' id='word_1_609' title='bbox 436 4512 511 4570; x_wconf 91' lang='lat' dir='ltr'>suut,</span> <span class='ocrx_word' id='word_1_610' title='bbox 526 4512 554 4559; x_wconf 95' lang='lat' dir='ltr'>et</span> <span class='ocrx_word' id='word_1_611' title='bbox 572 4504 599 4561; x_wconf 94' lang='lat' dir='ltr'>in</span> <span class='ocrx_word' id='word_1_612' title='bbox 622 4519 690 4576; x_wconf 87' lang='lat' dir='ltr'>quas</span> <span class='ocrx_word' id='word_1_613' title='bbox 708 4505 812 4561; x_wconf 89' lang='lat' dir='ltr'>caelum</span> <span class='ocrx_word' id='word_1_614' title='bbox 827 4513 855 4561; x_wconf 94' lang='lat' dir='ltr'>et</span> <span class='ocrx_word' id='word_1_615' title='bbox 870 4514 943 4561; x_wconf 90' lang='lat' dir='ltr'>terra</span> <span class='ocrx_word' id='word_1_616' title='bbox 994 4519 1048 4576; x_wconf 88' lang='lat' dir='ltr'>que</span> <span class='ocrx_word' id='word_1_617' title='bbox 1059 4501 1181 4558; x_wconf 90' lang='lat' dir='ltr'>numeris</span> <span class='ocrx_word' id='word_1_618' title='bbox 1194 4511 1222 4558; x_wconf 92' lang='lat' dir='ltr'>et</span> <span class='ocrx_word' id='word_1_619' title='bbox 1234 4501 1356 4557; x_wconf 89' lang='lat' dir='ltr'>nascitur</span> <span class='ocrx_word' id='word_1_620' title='bbox 1377 4508 1405 4555; x_wconf 92' lang='lat' dir='ltr'>et</span> <span class='ocrx_word' id='word_1_621' title='bbox 1422 4497 1761 4558; x_wconf 57' lang='lat' dir='ltr'>moretur-reram&amp;</span> 
     </span>
     <span class='ocr_line' id='line_1_53' title="bbox 145 4588 1761 4669; baseline -0.001 -17"><span class='ocrx_word' id='word_1_622' title='bbox 145 4596 311 4653; x_wconf 90' lang='lat' dir='ltr'>transibunt.</span> <span class='ocrx_word' id='word_1_623' title='bbox 325 4595 411 4667; x_wconf 75' lang='lat' dir='ltr'>lpsa‘</span> <span class='ocrx_word' id='word_1_624' title='bbox 434 4605 524 4652; x_wconf 91' lang='lat' dir='ltr'>autem</span> <span class='ocrx_word' id='word_1_625' title='bbox 549 4611 688 4669; x_wconf 88' lang='lat' dir='ltr'>nunquam</span> <span class='ocrx_word' id='word_1_626' title='bbox 702 4612 837 4668; x_wconf 91' lang='lat' dir='ltr'>nusquam</span> <span class='ocrx_word' id='word_1_627' title='bbox 852 4607 941 4652; x_wconf 87' lang='lat' dir='ltr'>traus-</span> <span class='ocrx_word' id='word_1_628' title='bbox 994 4594 1130 4660; x_wconf 89' lang='lat' dir='ltr'>omuibus,</span> <span class='ocrx_word' id='word_1_629' title='bbox 1152 4609 1222 4667; x_wconf 92' lang='lat' dir='ltr'>quae</span> <span class='ocrx_word' id='word_1_630' title='bbox 1246 4593 1273 4648; x_wconf 90' lang='lat' dir='ltr'>in</span> <span class='ocrx_word' id='word_1_631' title='bbox 1292 4592 1332 4647; x_wconf 91' lang='lat' dir='ltr'>eis</span> <span class='ocrx_word' id='word_1_632' title='bbox 1350 4599 1534 4662; x_wconf 85' lang='lat' dir='ltr'>generantur,</span> <span class='ocrx_word' id='word_1_633' title='bbox 1558 4588 1761 4665; x_wconf 73' lang='lat' dir='ltr'>eoagcamrill</span> 
     </span>
     <span class='ocr_line' id='line_1_54' title="bbox 145 4678 1761 4760; baseline -0.003 -20"><span class='ocrx_word' id='word_1_634' title='bbox 145 4684 223 4741; x_wconf 92' lang='lat' dir='ltr'>ibunt</span> <span class='ocrx_word' id='word_1_635' title='bbox 234 4687 398 4758; x_wconf 77' lang='lat' dir='ltr'>¹,quoniam</span> <span class='ocrx_word' id='word_1_636' title='bbox 414 4687 442 4744; x_wconf 90' lang='lat' dir='ltr'>in</span> <span class='ocrx_word' id='word_1_637' title='bbox 454 4685 545 4744; x_wconf 76' lang='lat' dir='ltr'>Verbo</span> <span class='ocrx_word' id='word_1_638' title='bbox 555 4687 602 4745; x_wconf 83' lang='lat' dir='ltr'>bet</span> <span class='ocrx_word' id='word_1_639' title='bbox 614 4687 752 4760; x_wconf 92' lang='lat' dir='ltr'>unigenito</span> <span class='ocrx_word' id='word_1_640' title='bbox 766 4687 846 4744; x_wconf 83' lang='lat' dir='ltr'>ueluti</span> <span class='ocrx_word' id='word_1_641' title='bbox 859 4702 941 4759; x_wconf 89' lang='lat' dir='ltr'>quae·</span> <span class='ocrx_word' id='word_1_642' title='bbox 994 4701 1028 4744; x_wconf 82' lang='lat' dir='ltr'>eu</span> <span class='ocrx_word' id='word_1_643' title='bbox 1052 4684 1224 4755; x_wconf 88' lang='lat' dir='ltr'>generalibus</span> <span class='ocrx_word' id='word_1_644' title='bbox 1246 4684 1347 4749; x_wconf 88' lang='lat' dir='ltr'>causis,</span> <span class='ocrx_word' id='word_1_645' title='bbox 1370 4697 1441 4753; x_wconf 89' lang='lat' dir='ltr'>quae</span> <span class='ocrx_word' id='word_1_646' title='bbox 1463 4683 1603 4741; x_wconf 84' lang='lat' dir='ltr'>mundum</span> <span class='ocrx_word' id='word_1_647' title='bbox 1620 4678 1761 4755; x_wconf 60' lang='lat' dir='ltr'>prmt</span> 
     </span>
     <span class='ocr_line' id='line_1_55' title="bbox 145 4775 1761 4852; baseline -0.001 -21"><span class='ocrx_word' id='word_1_648' title='bbox 145 4776 208 4831; x_wconf 91' lang='lat' dir='ltr'>dam</span> <span class='ocrx_word' id='word_1_649' title='bbox 217 4778 301 4834; x_wconf 88' lang='lat' dir='ltr'>rerba</span> <span class='ocrx_word' id='word_1_650' title='bbox 310 4775 456 4835; x_wconf 84' lang='lat' dir='ltr'>ioellabilia</span> <span class='ocrx_word' id='word_1_651' title='bbox 466 4787 493 4835; x_wconf 92' lang='lat' dir='ltr'>et</span> <span class='ocrx_word' id='word_1_652' title='bbox 506 4779 736 4838; x_wconf 90' lang='lat' dir='ltr'>incommutabilia</span> <span class='ocrx_word' id='word_1_653' title='bbox 748 4779 943 4852; x_wconf 87' lang='lat' dir='ltr'>perpetualiter</span> <span class='ocrx_word' id='word_1_654' title='bbox 994 4780 1113 4852; x_wconf 90' lang='lat' dir='ltr'>prodire.</span> <span class='ocrx_word' id='word_1_655' title='bbox 1136 4777 1213 4847; x_wconf 80' lang='lat' dir='ltr'>Quod</span> <span class='ocrx_word' id='word_1_656' title='bbox 1239 4786 1331 4833; x_wconf 92' lang='lat' dir='ltr'>autem</span> <span class='ocrx_word' id='word_1_657' title='bbox 1355 4776 1566 4848; x_wconf 87' lang='lat' dir='ltr'>proposuimus,</span> <span class='ocrx_word' id='word_1_658' title='bbox 1590 4788 1669 4835; x_wconf 60' lang='lat' dir='ltr'>aa*</span> <span class='ocrx_word' id='word_1_659' title='bbox 1687 4780 1761 4829; x_wconf 68' lang='lat' dir='ltr'>ma</span> 
     </span>
     <span class='ocr_line' id='line_1_56' title="bbox 147 4861 1759 4946; baseline 0.002 -25"><span class='ocrx_word' id='word_1_660' title='bbox 147 4873 267 4921; x_wconf 89' lang='lat' dir='ltr'>manent.</span> <span class='ocrx_word' id='word_1_661' title='bbox 287 4865 363 4934; x_wconf 76' lang='lat' dir='ltr'>Quae</span> <span class='ocrx_word' id='word_1_662' title='bbox 375 4869 470 4937; x_wconf 86' lang='lat' dir='ltr'>rerba,</span> <span class='ocrx_word' id='word_1_663' title='bbox 485 4880 516 4924; x_wconf 93' lang='lat' dir='ltr'>ut</span> <span class='ocrx_word' id='word_1_664' title='bbox 538 4871 646 4942; x_wconf 92' lang='lat' dir='ltr'>opiuor,</span> <span class='ocrx_word' id='word_1_665' title='bbox 664 4871 767 4928; x_wconf 84' lang='lat' dir='ltr'>audivit</span> <span class='ocrx_word' id='word_1_666' title='bbox 784 4870 942 4942; x_wconf 81' lang='lat' dir='ltr'>Apostolus,</span> <span class='ocrx_word' id='word_1_667' title='bbox 994 4871 1065 4946; x_wconf 89' lang='lat' dir='ltr'>quod</span> <span class='ocrx_word' id='word_1_668' title='bbox 1081 4879 1204 4928; x_wconf 85' lang='lat' dir='ltr'>moretur</span> <span class='ocrx_word' id='word_1_669' title='bbox 1218 4869 1420 4942; x_wconf 90' lang='lat' dir='ltr'>temporaliter,</span> <span class='ocrx_word' id='word_1_670' title='bbox 1434 4883 1555 4927; x_wconf 87' lang='lat' dir='ltr'>neeesse</span> <span class='ocrx_word' id='word_1_671' title='bbox 1577 4861 1759 4927; x_wconf 61' lang='lat' dir='ltr'>matulae</span> 
     </span>
     <span class='ocr_line' id='line_1_57' title="bbox 147 4950 1757 5036; baseline 0.002 -24"><span class='ocrx_word' id='word_1_672' title='bbox 147 4955 256 5029; x_wconf 86' lang='lat' dir='ltr'>quando</span> <span class='ocrx_word' id='word_1_673' title='bbox 269 4958 297 5013; x_wconf 92' lang='lat' dir='ltr'>in</span> <span class='ocrx_word' id='word_1_674' title='bbox 310 4958 465 5029; x_wconf 88' lang='lat' dir='ltr'>paradisum</span> <span class='ocrx_word' id='word_1_675' title='bbox 477 4970 572 5031; x_wconf 89' lang='lat' dir='ltr'>raptus</span> <span class='ocrx_word' id='word_1_676' title='bbox 593 4972 644 5018; x_wconf 88' lang='lat' dir='ltr'>est.</span> <span class='ocrx_word' id='word_1_677' title='bbox 661 4962 728 5031; x_wconf 81' lang='lat' dir='ltr'>Quis</span> <span class='ocrx_word' id='word_1_678' title='bbox 744 4964 817 5018; x_wconf 87' lang='lat' dir='ltr'>enim</span> <span class='ocrx_word' id='word_1_679' title='bbox 831 4964 940 5036; x_wconf 84' lang='lat' dir='ltr'>angelo·</span> <span class='ocrx_word' id='word_1_680' title='bbox 993 4960 1058 5019; x_wconf 90' lang='lat' dir='ltr'>liter</span> <span class='ocrx_word' id='word_1_681' title='bbox 1068 4961 1180 5025; x_wconf 88' lang='lat' dir='ltr'>moveri,</span> <span class='ocrx_word' id='word_1_682' title='bbox 1198 4959 1388 5018; x_wconf 90' lang='lat' dir='ltr'>eodemmodo</span> <span class='ocrx_word' id='word_1_683' title='bbox 1407 4958 1612 5017; x_wconf 82' lang='lat' dir='ltr'>catholicorum</span> <span class='ocrx_word' id='word_1_684' title='bbox 1621 4950 1757 5015; x_wconf 75' lang='grc' dir='ltr'>ιιιιιιιὶΙίι</span> 
     </span>
     <span class='ocr_line' id='line_1_58' title="bbox 145 5047 1757 5125; baseline 0 -21"><span class='ocrx_word' id='word_1_685' title='bbox 145 5065 206 5104; x_wconf 91' lang='lat' dir='ltr'>runr</span> <span class='ocrx_word' id='word_1_686' title='bbox 218 5047 261 5104; x_wconf 87' lang='lat' dir='ltr'>rel</span> <span class='ocrx_word' id='word_1_687' title='bbox 274 5047 413 5105; x_wconf 90' lang='lat' dir='ltr'>bominum</span> <span class='ocrx_word' id='word_1_688' title='bbox 430 5048 481 5105; x_wconf 90' lang='lat' dir='ltr'>lari</span> <span class='ocrx_word' id='word_1_689' title='bbox 500 5051 589 5107; x_wconf 86' lang='lat' dir='ltr'>verbis</span> <span class='ocrx_word' id='word_1_690' title='bbox 607 5052 650 5108; x_wconf 84' lang='lat' dir='ltr'>rel</span> <span class='ocrx_word' id='word_1_691' title='bbox 669 5061 760 5108; x_wconf 91' lang='lat' dir='ltr'>urente</span> <span class='ocrx_word' id='word_1_692' title='bbox 779 5068 943 5125; x_wconf 90' lang='lat' dir='ltr'>cognoscere</span> <span class='ocrx_word' id='word_1_693' title='bbox 995 5053 1106 5110; x_wconf 90' lang='lat' dir='ltr'>traditio</span> <span class='ocrx_word' id='word_1_694' title='bbox 1130 5052 1299 5109; x_wconf 86' lang='lat' dir='ltr'>dissimiliter</span> <span class='ocrx_word' id='word_1_695' title='bbox 1322 5051 1414 5108; x_wconf 88' lang='lat' dir='ltr'>sentit.</span> <span class='ocrx_word' id='word_1_696' title='bbox 1436 5048 1565 5108; x_wconf 89' lang='lat' dir='ltr'>Primum</span> <span class='ocrx_word' id='word_1_697' title='bbox 1580 5051 1685 5124; x_wconf 73' lang='lat' dir='ltr'>quida·</span> <span class='ocrx_word' id='word_1_698' title='bbox 1700 5047 1757 5104; x_wconf 76' lang='lat' dir='ltr'>br·</span> 
     </span>
     <span class='ocr_line' id='line_1_59' title="bbox 144 5134 1758 5218; baseline 0 -23"><span class='ocrx_word' id='word_1_699' title='bbox 144 5139 242 5213; x_wconf 89' lang='lat' dir='ltr'>possit,</span> <span class='ocrx_word' id='word_1_700' title='bbox 256 5152 335 5211; x_wconf 86' lang='lat' dir='ltr'>quas,</span> <span class='ocrx_word' id='word_1_701' title='bbox 348 5145 376 5194; x_wconf 89' lang='lat' dir='ltr'>et</span> <span class='ocrx_word' id='word_1_702' title='bbox 387 5137 491 5210; x_wconf 88' lang='lat' dir='ltr'>quales,</span> <span class='ocrx_word' id='word_1_703' title='bbox 506 5148 533 5193; x_wconf 88' lang='lat' dir='ltr'>et</span> <span class='ocrx_word' id='word_1_704' title='bbox 547 5149 662 5211; x_wconf 87' lang='lat' dir='ltr'>quantas</span> <span class='ocrx_word' id='word_1_705' title='bbox 675 5141 796 5199; x_wconf 87' lang='lat' dir='ltr'>rationes</span> <span class='ocrx_word' id='word_1_706' title='bbox 809 5159 900 5199; x_wconf 91' lang='lat' dir='ltr'>rerum</span> <span class='ocrx_word' id='word_1_707' title='bbox 914 5145 940 5202; x_wconf 93' lang='lat' dir='ltr'>in</span> <span class='ocrx_word' id='word_1_708' title='bbox 995 5146 1082 5202; x_wconf 89' lang='lat' dir='ltr'>solum</span> <span class='ocrx_word' id='word_1_709' title='bbox 1106 5161 1155 5218; x_wconf 92' lang='lat' dir='ltr'>per</span> <span class='ocrx_word' id='word_1_710' title='bbox 1177 5146 1296 5216; x_wconf 89' lang='lat' dir='ltr'>seipsum</span> <span class='ocrx_word' id='word_1_711' title='bbox 1319 5144 1378 5200; x_wconf 91' lang='lat' dir='ltr'>sine</span> <span class='ocrx_word' id='word_1_712' title='bbox 1397 5142 1457 5199; x_wconf 89' lang='lat' dir='ltr'>loeo</span> <span class='ocrx_word' id='word_1_713' title='bbox 1477 5153 1510 5200; x_wconf 90' lang='lat' dir='ltr'>et</span> <span class='ocrx_word' id='word_1_714' title='bbox 1535 5155 1658 5218; x_wconf 82' lang='lat' dir='ltr'>tempore</span> <span class='ocrx_word' id='word_1_715' title='bbox 1675 5134 1758 5199; x_wconf 79' lang='grc' dir='ltr'>ιιιιιι</span> 
     </span>
     <span class='ocr_line' id='line_1_60' title="bbox 144 5228 1758 5309; baseline 0.004 -22"><span class='ocrx_word' id='word_1_716' title='bbox 144 5232 289 5306; x_wconf 89' lang='lat' dir='ltr'>principio,</span> <span class='ocrx_word' id='word_1_717' title='bbox 320 5228 407 5286; x_wconf 88' lang='lat' dir='ltr'>llerbo</span> <span class='ocrx_word' id='word_1_718' title='bbox 428 5229 555 5288; x_wconf 84' lang='lat' dir='ltr'>uidelicet</span> <span class='ocrx_word' id='word_1_719' title='bbox 577 5247 636 5298; x_wconf 87' lang='lat' dir='ltr'>suo,</span> <span class='ocrx_word' id='word_1_720' title='bbox 663 5232 743 5290; x_wconf 88' lang='lat' dir='ltr'>Pater</span> <span class='ocrx_word' id='word_1_721' title='bbox 766 5244 829 5291; x_wconf 91' lang='lat' dir='ltr'>aute</span> <span class='ocrx_word' id='word_1_722' title='bbox 849 5237 940 5293; x_wconf 90' lang='lat' dir='ltr'>omnia</span> <span class='ocrx_word' id='word_1_723' title='bbox 993 5236 1158 5309; x_wconf 90' lang='lat' dir='ltr'>absqueulla</span> <span class='ocrx_word' id='word_1_724' title='bbox 1172 5235 1353 5306; x_wconf 84' lang='lat' dir='ltr'>discrepantia</span> <span class='ocrx_word' id='word_1_725' title='bbox 1371 5235 1573 5306; x_wconf 78' lang='lat' dir='ltr'>dogmatizant</span> <span class='ocrx_word' id='word_1_726' title='bbox 1587 5235 1758 5293; x_wconf 64' lang='lat' dir='ltr'>benum</span> 
     </span>
     <span class='ocr_line' id='line_1_61' title="bbox 146 5317 1756 5406; baseline 0.001 -21"><span class='ocrx_word' id='word_1_727' title='bbox 146 5328 940 5400; x_wconf 83' lang='lat' dir='ltr'>temporaetanteomnemcreaturamleeerit.llrsc.llon</span> <span class='ocrx_word' id='word_1_728' title='bbox 992 5331 1142 5406; x_wconf 86' lang='lat' dir='ltr'>spiritualis</span> <span class='ocrx_word' id='word_1_729' title='bbox 1173 5338 1328 5395; x_wconf 89' lang='lat' dir='ltr'>creaturae,</span> <span class='ocrx_word' id='word_1_730' title='bbox 1348 5327 1438 5384; x_wconf 90' lang='lat' dir='ltr'>omnis</span> <span class='ocrx_word' id='word_1_731' title='bbox 1465 5329 1600 5386; x_wconf 72' lang='lat' dir='ltr'>naariae</span> <span class='ocrx_word' id='word_1_732' title='bbox 1625 5317 1756 5399; x_wconf 57' lang='lat' dir='ltr'>oomffl</span> 
     </span>
     <span class='ocr_line' id='line_1_62' title="bbox 144 5409 1755 5509; baseline 0.001 -34"><span class='ocrx_word' id='word_1_733' title='bbox 144 5418 238 5494; x_wconf 89' lang='lat' dir='ltr'>itaque</span> <span class='ocrx_word' id='word_1_734' title='bbox 260 5435 358 5478; x_wconf 79' lang='lat' dir='ltr'>musas</span> <span class='ocrx_word' id='word_1_735' title='bbox 381 5428 410 5476; x_wconf 90' lang='lat' dir='ltr'>et</span> <span class='ocrx_word' id='word_1_736' title='bbox 428 5419 594 5476; x_wconf 86' lang='lat' dir='ltr'>substantias</span> <span class='ocrx_word' id='word_1_737' title='bbox 612 5436 715 5486; x_wconf 91' lang='lat' dir='ltr'>rerum,</span> <span class='ocrx_word' id='word_1_738' title='bbox 735 5420 763 5477; x_wconf 90' lang='lat' dir='ltr'>in</span> <span class='ocrx_word' id='word_1_739' title='bbox 781 5420 871 5480; x_wconf 80' lang='lat' dir='ltr'>Verbo</span> <span class='ocrx_word' id='word_1_740' title='bbox 891 5422 940 5479; x_wconf 81' lang='lat' dir='ltr'>liei</span> <span class='ocrx_word' id='word_1_741' title='bbox 993 5425 1103 5489; x_wconf 90' lang='lat' dir='ltr'>liberae,</span> <span class='ocrx_word' id='word_1_742' title='bbox 1120 5419 1545 5509; x_wconf 78' lang='lat' dir='ltr'>nonnullisdissonanttbeoriis.</span> <span class='ocrx_word' id='word_1_743' title='bbox 1559 5409 1755 5498; x_wconf 48' lang='lat' dir='ltr'>buida&amp;</span> 
     </span>
     <span class='ocr_line' id='line_1_63' title="bbox 146 5504 1753 5588; baseline -0.002 -20"><span class='ocrx_word' id='word_1_744' title='bbox 146 5513 370 5581; x_wconf 82' lang='lat' dir='ltr'>substitutas,in</span> <span class='ocrx_word' id='word_1_745' title='bbox 388 5526 502 5570; x_wconf 91' lang='lat' dir='ltr'>numero</span> <span class='ocrx_word' id='word_1_746' title='bbox 520 5516 877 5587; x_wconf 86' lang='lat' dir='ltr'>computascreaturaruml</span> <span class='ocrx_word' id='word_1_747' title='bbox 893 5515 939 5572; x_wconf 86' lang='lat' dir='ltr'>bi·</span> <span class='ocrx_word' id='word_1_748' title='bbox 993 5517 1081 5588; x_wconf 92' lang='lat' dir='ltr'>ipsum</span> <span class='ocrx_word' id='word_1_749' title='bbox 1104 5515 1162 5572; x_wconf 89' lang='lat' dir='ltr'>solo</span> <span class='ocrx_word' id='word_1_750' title='bbox 1187 5521 1317 5586; x_wconf 92' lang='lat' dir='ltr'>tempore,</span> <span class='ocrx_word' id='word_1_751' title='bbox 1343 5512 1402 5569; x_wconf 88' lang='lat' dir='ltr'>siue</span> <span class='ocrx_word' id='word_1_752' title='bbox 1422 5511 1495 5580; x_wconf 90' lang='lat' dir='ltr'>loco,</span> <span class='ocrx_word' id='word_1_753' title='bbox 1517 5510 1621 5569; x_wconf 80' lang='lat' dir='ltr'>moseri</span> <span class='ocrx_word' id='word_1_754' title='bbox 1643 5504 1753 5565; x_wconf 64' lang='lat' dir='ltr'>almi</span> 
     </span>
    </p>
   </div>
   <div class='ocr_carea' id='block_1_7' title="bbox 795 5629 1142 5690">
    <p class='ocr_par' dir='ltr' id='par_1_8' title="bbox 795 5629 1142 5690">
     <span class='ocr_line' id='line_1_64' title="bbox 795 5629 1142 5690; baseline -0.006 -2"><span class='ocrx_word' id='word_1_755' title='bbox 795 5631 924 5690; x_wconf 73' lang='lat' dir='ltr'>VdeAE</span> <span class='ocrx_word' id='word_1_756' title='bbox 942 5629 1142 5690; x_wconf 73' lang='lat' dir='ltr'>submoues,</span> 
     </span>
    </p>
   </div>
   <div class='ocr_carea' id='block_1_8' title="bbox 150 5712 1750 5913">
    <p class='ocr_par' dir='ltr' id='par_1_9' title="bbox 150 5712 1750 5913">
     <span class='ocr_line' id='line_1_65' title="bbox 186 5712 1703 5799; baseline -0.002 -27"><span class='ocrx_word' id='word_1_757' title='bbox 186 5718 511 5793; x_wconf 74' lang='lat' dir='ltr'>¹atarelttgttttttsaqse.</span> <span class='ocrx_word' id='word_1_758' title='bbox 551 5719 728 5792; x_wconf 68' lang='lat' dir='ltr'>&#39;amodo</span> <span class='ocrx_word' id='word_1_759' title='bbox 743 5721 988 5778; x_wconf 67' lang='lat' dir='ltr'>montanarius.</span> <span class='ocrx_word' id='word_1_760' title='bbox 1026 5720 1188 5775; x_wconf 68' lang='lat' dir='ltr'>&#39;desdam</span> <span class='ocrx_word' id='word_1_761' title='bbox 1225 5717 1292 5776; x_wconf 72' lang='lat' dir='ltr'>‘Cb&#39;</span> <span class='ocrx_word' id='word_1_762' title='bbox 1308 5720 1447 5775; x_wconf 72' lang='lat' dir='ltr'>transient.</span> <span class='ocrx_word' id='word_1_763' title='bbox 1486 5714 1617 5776; x_wconf 62' lang='lat' dir='ltr'>&#39;Sicci&#39;</span> <span class='ocrx_word' id='word_1_764' title='bbox 1627 5712 1703 5799; x_wconf 52' lang='lat' dir='ltr'>an*</span> 
     </span>
     <span class='ocr_line' id='line_1_66' title="bbox 150 5774 1750 5913; baseline -0.003 -65"><span class='ocrx_word' id='word_1_765' title='bbox 150 5780 300 5913; x_wconf 49' lang='lat' dir='ltr'>‘dodam</span> <span class='ocrx_word' id='word_1_766' title='bbox 336 5790 404 5848; x_wconf 75' lang='lat' dir='ltr'>&#39;CF</span> <span class='ocrx_word' id='word_1_767' title='bbox 421 5790 559 5848; x_wconf 79' lang='lat' dir='ltr'>transient.</span> <span class='ocrx_word' id='word_1_768' title='bbox 596 5789 909 5859; x_wconf 72' lang='lat' dir='ltr'>‘SieCF;dDicsrrt.</span> <span class='ocrx_word' id='word_1_769' title='bbox 945 5791 1128 5882; x_wconf 65' lang='grc' dir='ltr'>4Ἀιιιιιιιιιιι</span> <span class='ocrx_word' id='word_1_770' title='bbox 1166 5789 1304 5879; x_wconf 64' lang='grc' dir='ltr'>ι·5ιιιι;</span> <span class='ocrx_word' id='word_1_771' title='bbox 1323 5788 1366 5847; x_wconf 77' lang='lat' dir='ltr'>CF</span> <span class='ocrx_word' id='word_1_772' title='bbox 1385 5789 1543 5846; x_wconf 77' lang='lat' dir='ltr'>includitur.</span> <span class='ocrx_word' id='word_1_773' title='bbox 1582 5786 1659 5843; x_wconf 74' lang='lat' dir='ltr'>”Sic</span> <span class='ocrx_word' id='word_1_774' title='bbox 1720 5774 1750 5843; x_wconf 66' lang='lat' dir='ltr'>t!</span> 
     </span>
    </p>
   </div>
   <div class='ocr_carea' id='block_1_9' title="bbox 0 0 2000 6532">
    <p class='ocr_par' dir='ltr' id='par_1_10' title="bbox 0 0 2000 6532">
     <span class='ocr_line' id='line_1_67' title="bbox 0 0 2000 6532; baseline 0 0"><span class='ocrx_word' id='word_1_775' title='bbox 0 0 2000 6532; x_wconf 95' lang='lat' dir='ltr'> </span> 
     </span>
    </p>
   </div>
  </div>
 </body>
</html>
