3984 6534
175 285 238 324 xtrr
883 258 1096 320 PROOEMIUM.

172 402 205 466 S.
230 409 348 465 toanne
372 399 464 468 Scato
489 406 626 479 martyre
650 397 728 493 hoec
751 394 919 477 subjunxit
942 415 949 455 :
970 395 1107 456 loannes
1129 396 1258 459 Scotus.
1284 382 1450 460 monacbu's
1475 378 1751 460 blolbrsberiensis
1773 395 1802 459 is

173 526 734 610 010000οἰ000000000000000000
757 526 1015 601 conversationis,
1040 526 1131 604 eujus
1155 528 1248 589 etiam
1271 529 1305 590 in
1331 527 1464 590 seeundo
1490 524 1649 588 uolumine
1674 525 1802 607 [ecimus

173 653 367 730 mentionem,
385 653 471 736 opud
486 653 636 718 Carolum
651 652 781 715 Caicum
794 653 1018 733 Imperatorem
1041 671 1153 733 mapno
1174 656 1207 716 in
1222 656 1324 735 pretio
1339 656 1413 737 suit.
1433 654 1497 730 Qui
1513 652 1636 714 tandem
1651 652 1802 732 martyrio

175 793 345 846 coronatus
364 793 496 848 amorte
511 784 661 848 transivit
680 784 722 847 ad
744 786 849 847 citam.
878 785 1048 865 Confessus
1076 787 1156 847 enim
1177 786 1320 867 propitiis
1345 803 1527 866 puerorum,
1557 798 1636 862 quos
1667 778 1803 855 docebat,

173 912 353 993 nescioquo
372 915 551 996 instiponte,
565 923 639 995 post
658 923 788 978 mortem
804 916 911 978 multis
935 916 1052 978 claruit
1077 917 1187 995 sionis.
1211 913 1288 996 Lepi
1308 922 1410 977 autem
1435 917 1468 977 in
1482 914 1614 997 quadarn
1631 916 1804 996 scriptura,

172 1032 260 1121 quad
271 1044 369 1124 suerit
395 1046 560 1127 episcopus
573 1046 878 1127 biplreienburpensis
893 1047 949 1109 sub
964 1047 1132 1109 Bremensi.
1148 1046 1227 1128 Ejus
1239 1044 1342 1107 natale
1355 1014 1473 1108 colitur
1487 1042 1593 1106 bidus
1606 1040 1801 1109 Novembris.

172 1161 299 1230 ⁴Ciornit
309 1188 390 1232 anno
402 1173 528 1235 Domini
541 1175 601 1237 880
614 1174 671 1235 sub
686 1174 800 1237 Caroio
814 1174 921 1251 Calvo,
938 1184 965 1237 rt
978 1177 1064 1239 eiecit
1079 1177 1180 1238 adbuc
1194 1174 1303 1237 multis
1317 1177 1408 1237 annis
1421 1182 1493 1254 post
1508 1193 1585 1238 eum.
1602 1172 1674 1237 Alii
1688 1174 1806 1249 volunt,

174 1299 261 1379 quod
276 1302 426 1363 claruerit
447 1301 503 1363 sub
521 1303 658 1364 llenrico
676 1309 789 1382 quarto
807 1323 889 1368 anno
912 1305 1039 1368 Domini
1056 1306 1143 1369 1000.
1166 1305 1227 1368 Sed
1246 1306 1340 1385 prior
1357 1306 1465 1385 opinio
1482 1304 1558 1366 mibi
1575 1301 1706 1366 videtur
1723 1303 1808 1397 ebro·

174 1429 257 1491 nicis
280 1437 483 1493 consentanea
501 1439 529 1493 et
553 1431 622 1495 ideo
645 1434 761 1499 verior.
780 1434 852 1499 Nisi
867 1435 949 1516 sorte
968 1434 1029 1497 duo
1045 1436 1194 1515 luissent.
1211 1453 1274 1496 uno
1293 1433 1443 1514 martyrii
1463 1451 1571 1512 periere
1589 1431 1728 1495 diuersis
1741 1437 1808 1492 ten·

175 1557 310 1636 poribus
329 1561 517 1643 interempti.

220 1712 488 1775 toennesBalcus
503 1712 1033 1800 (meires1560),quiperiterduos
1050 1719 1192 1781 ioannes
1203 1718 1314 1780 Scalas
1326 1710 1490 1782 discernit,
1502 1709 1536 1770 in
1553 1709 1648 1784 libro,
1665 1710 1722 1773 cui
1738 1710 1811 1772 tito-

184 1831 236 1895 lus
249 1853 256 1891 :
271 1831 451 1895 lliustrium
463 1832 593 1915 majoris
605 1834 790 1896 Britanniae
801 1838 993 1915 scriptorum
1009 1838 1211 1898 summarium
1226 1835 1315 1906 15b8,
1328 1833 1385 1897 sol.
1400 1831 1439 1893 57
1458 1829 1536 1894 haec
1552 1830 1663 1894 tradit:
1677 1832 1812 1895 Ioannes

180 1948 378 2029 llloilrosius,
402 1954 583 2033 eopnomine
593 1961 620 2015 et
637 1955 764 2016 notione
775 1955 902 2030 Scotus,
917 1955 1047 2017 Aleuini
1061 1954 1191 2034 coiiepo,
1206 1962 1233 2015 et
1257 1951 1440 2015 venerabilis
1456 1953 1556 2016 Dedae
1570 1974 1641 2018 eum
1664 1975 1698 2019 eo
1717 1975 1814 2038 quon·

181 2079 251 2139 dom
269 2077 457 2159 discipulus.
479 2085 571 2158 atque
585 2073 658 2134 dum
672 2072 892 2152 Cantabripioe
909 2072 1006 2135 bonos
1025 2070 1133 2133 literas
1156 2070 1372 2150 profiteretur,
1386 2071 1530 2150 {repuens
1545 2072 1679 2134 auditor
1691 2075 1812 2138 extitit.

176 2195 211 2256 ls
228 2214 296 2258 oum
312 2205 385 2260 esset
402 2203 567 2276 utriusque
583 2192 721 2269 linquae,
737 2189 853 2253 latinae
868 2198 895 2250 et
925 2207 1064 2268 praseae,
1078 2187 1307 2268 peritissimus,
1324 2185 1408 2266 quod
1430 2185 1466 2249 de
1482 2189 1552 2269 ipso
1579 2191 1730 2255 historici
1755 2195 1815 2274 [ere

179 2337 280 2380 omnes
295 2320 437 2380 unanimi
452 2312 785 2391 testimoniareserunt,
802 2310 951 2389 adjuncto
963 2310 1025 2372 sibi
1034 2309 1167 2372 Claudio
1180 2309 1329 2372 Clemente
1345 2309 1419 2388 pori
1434 2309 1736 2391 doctrinopraedito
1752 2334 1817 2378 eum

180 2433 407 2492 mercatoribus
424 2435 535 2508 Ancus
551 2431 705 2490 Oceanum
719 2443 802 2485 more
818 2424 954 2504 trajecit,
975 2425 1196 2506 Porisiumque
1220 2423 1371 2504 pervenit.
1393 2424 1452 2487 llbi
1469 2446 1541 2489 cum
1555 2429 1637 2491 inter
1649 2438 1772 2492 ceteros
1785 2431 1817 2492 in

178 2547 344 2628 pubiicum
360 2545 531 2626 prodiisset
553 2546 670 2625 sorum,
692 2562 746 2605 nec
774 2543 940 2623 quicquam
963 2546 1073 2625 patrio
1096 2551 1223 2625 praeter
1244 2544 1339 2606 bonas
1360 2542 1544 2624 disciplinas
1564 2557 1775 2629 reportasset,
1790 2570 1819 2611 se

180 2669 366 2750 sapientiam
385 2667 540 2748 profiteri,
560 2688 682 2751 eamque
695 2671 809 2736 babere
825 2674 962 2736 venalem
977 2693 1046 2737 cum
1060 2674 1145 2737 socio
1162 2669 1386 2736 conclamabat.
1401 2669 1493 2748 and
1507 2669 1636 2730 audiens
1650 2684 1711 2729 rese
1721 2666 1818 2730 Caro·

180 2796 230 2859 lus
242 2802 442 2874 copnomento
459 2794 605 2875 Mopnus,
616 2796 756 2876 prouisis
773 2798 968 2873 necessariis,
983 2816 1045 2859 eos
1061 2797 1149 2859 illico
1162 2797 1308 2879 retinuit,
1324 2804 1359 2856 ut
1377 2793 1565 2873 continentes
1580 2790 1621 2851 od
1641 2791 1732 2870 ipsos
1756 2811 1817 2854 un·

181 2918 274 2999 dique
298 2917 452 2981 nobilium
472 2918 668 2982 Francorum
690 2919 897 2983 adolescentes
926 2918 1099 2981 liberaliter
1117 2913 1291 2978 erudirent.
1307 2908 1464 2993 Frequens
1488 2908 1559 2972 inde
1585 2900 1819 2974 advenientium

181 3032 257 3097 illue
273 3042 439 3096 conventus
456 3035 567 3116 effecit,
585 3042 620 3095 nt
636 3035 756 3097 Parisii
772 3036 879 3098 statim
903 3033 1075 3115 percelebre
1095 3040 1169 3095 esset
1184 3032 1392 3096 auditorium.
1405 3031 1520 3092 Sannit
1541 3029 1676 3093 Carolus
1701 3048 1820 3104 provo·

182 3157 269 3212 conte
283 3149 434 3221 Aicuino,
452 3158 488 3211 ut
504 3149 647 3230 deinceps
661 3150 729 3213 iilic
746 3161 820 3214 esset
833 3153 973 3234 peneroie
992 3153 1144 3215 bonarum
1166 3152 1285 3213 artium
1301 3151 1452 3224 studium,
1467 3157 1495 3209 et
1510 3157 1544 3209 ut
1561 3145 1716 3211 Claudius
1733 3165 1769 3211 tn
1786 3164 1818 3209 eo

180 3266 433 3348 praeposituram
446 3274 575 3347 peteret,
585 3268 803 3333 loannesoero
816 3271 948 3353 Papiam
961 3270 1148 3345 concederet,
1158 3277 1195 3332 ut
1211 3276 1240 3330 et
1257 3268 1324 3331 iilic
1341 3285 1461 3348 quoque
1476 3266 1637 3345 ppmnasie
1650 3265 1747 3327 initia
1761 3283 1819 3344 po·

181 3392 277 3451 neret.
290 3383 472 3464 Composuit
494 3384 552 3444 iste
577 3383 707 3464 elepanti
723 3405 861 3450 sermone
882 3387 1069 3467 repentibus
1085 3384 1251 3474 discipulis
1278 3384 1454 3446 clarissima
1470 3380 1634 3462 opusculo,
1650 3383 1821 3462 praecipue
1840 3455 1842 3459 .

182 3503 275 3564 baec:
299 3503 339 3564 ln
362 3503 568 3584 Evanpelium
589 3502 742 3566 Mottboei
763 3505 818 3568 lib.
837 3508 905 3569 lll.
919 3507 964 3567 De
983 3507 1098 3588 officiis
1119 3499 1698 3584 0000000000100000000ἰυί000
1716 3500 1772 3563 lib.
1789 3500 1817 3562 1.

183 3626 228 3687 De
256 3623 410 3687 divisione
423 3624 563 3688 Naturae
578 3622 632 3686 lib.
647 3624 676 3687 l.
695 3625 737 3685 De
749 3628 904 3705 permanis
914 3628 1015 3708 jueta
1029 3628 1187 3690 lrenicum
1202 3626 1258 3690 lib.
1274 3628 1303 3688 l.
1320 3623 1565 3689 Commentarios
1578 3622 1820 3702 scripturarum

184 3744 239 3807 iib.
256 3744 286 3806 l.
304 3742 463 3805 Homilios
479 3742 618 3810 eruditor
632 3743 687 3808 lib.
706 3747 738 3810 1.
757 3748 819 3812 Nee
835 3747 958 3827 dubito,
969 3750 1045 3831 quin
1059 3749 1112 3813 bis
1128 3749 1219 3830 ionpe
1232 3749 1329 3830 pluro
1345 3746 1534 3811 condiderit.
1552 3745 1593 3807 ln
1608 3745 1690 3808 libro
1709 3764 1767 3808 suo
1786 3742 1821 3829 de

183 3864 323 3927 Naturae
348 3861 502 3924 divisione
526 3862 683 3926 solvendis
705 3868 938 3947 quaestionibus
956 3877 1000 3930 est
1024 3869 1132 3944 utilis,
1151 3867 1204 3931 sed
1218 3868 1361 3950 Popistis
1373 3868 1547 3949 plurimum
1566 3869 1727 3932 Antonino
1748 3874 1821 3930 teste

185 3973 372 4055 displicuit,
399 3976 484 4058 quod
507 3979 632 4051 Graecis
649 3981 797 4078 adversus
819 4005 925 4049 eorum
942 3989 1108 4067 inspneero
1128 3988 1274 4069 dopmato
1288 3993 1322 4053 in
1338 3990 1499 4071 plerisque
1527 3991 1711 4052 consentiat.
1745 3989 1822 4084 00·οἰ

184 4095 357 4174 Aupustini
384 4099 572 4160 monasterio
603 4101 736 4166 Carolus
757 4106 838 4168 bunc
855 4106 961 4168 Ticini
977 4126 1030 4169 seu
1052 4106 1171 4188 Papiae
1188 4109 1340 4191 praefecit
1357 4126 1439 4170 anno
1456 4117 1583 4172 nostrae
1596 4107 1820 4188 redemptionis

185 4215 256 4289 792,
284 4216 318 4278 in
332 4233 392 4297 quo
408 4225 435 4280 et
452 4235 551 4279 senem
566 4219 679 4282 abiisse
692 4221 814 4285 tandem
827 4224 975 4287 nonnulli
991 4223 1134 4300 eredunt,
1151 4227 1256 4288 Scotis
1269 4224 1448 4288 dominante
1461 4227 1626 4290 Saloatbio
1640 4244 1723 4309 reae.
1734 4224 1824 4288 Satis

188 4333 285 4398 claret
313 4354 352 4397 ese
370 4334 475 4410 dietis,
499 4335 668 4401 Aicuinum
693 4348 722 4402 et
735 4341 888 4406 loannem
910 4346 993 4406 inter
1014 4343 1134 4424 Appios
1152 4344 1198 4406 ita
1211 4342 1311 4425 fuisse
1329 4344 1540 4407 doctissimos.
1562 4344 1687 4407 Deinde
1707 4341 1767 4405 lol.
1782 4342 1821 4403 00

184 4451 226 4518 do
240 4461 348 4519 nostro
371 4455 496 4521 ioenno
512 4457 605 4523 Scoio
625 4467 731 4524 nocent
744 4460 861 4526 haecce
874 4484 885 4523 .·
899 4463 1038 4522 loannes
1051 4461 1224 4534 Patricius,
1243 4460 1324 4523 alias
1339 4460 1489 4540 Eripenm
1504 4464 1678 4524 Drrtannus
1694 4459 1821 4520 natione

184 4596 238 4640 seu
256 4579 391 4642 Guallus
406 4578 569 4660 Anpiieus,
593 4580 638 4642 in·
655 4580 798 4642 Menenio
820 4580 1015 4641 Demetorum
1039 4578 1127 4655 urbe,
1150 4579 1215 4642 siue
1239 4577 1280 4641 ad
1296 4586 1438 4641 sanetum
1454 4574 1615 4645 Doridem
1628 4590 1667 4633 ee
1680 4569 1820 4648 patricio

187 4703 326 4782 penitere
349 4708 455 4776 natus,
476 4722 496 4762 a
509 4700 668 4782 plerisque
683 4700 894 4780 scriptoribus
906 4698 1126 4781 pbilosopbus,
1137 4699 1173 4761 ab
1191 4699 1266 4762 aliis
1280 4717 1364 4773 aero,
1382 4697 1435 4759 sed
1448 4716 1623 4779 perperam,
1638 4696 1752 4757 Scotus
1768 4716 1822 4757 eo·

188 4827 401 4908 anominatur.
417 4826 498 4887 Dum
513 4827 631 4909 Anplos
647 4828 726 4889 Daci
746 4832 869 4909 rapinis
891 4839 917 4892 ct
941 4830 1030 4893 bellis
1044 4830 1238 4909 infestarent,
1260 4843 1297 4886 ae
1313 4825 1417 4887 omnio
1433 4824 1501 4886 illic
1520 4819 1709 4884 tumultibus
1726 4826 1822 4881 essent

189 4945 428 5030 piena,ionpam
454 4948 736 5029 pereprinationem
758 4948 893 5010 Atbenas
911 4969 1007 5031 usque
1019 4948 1204 5028 suscipiens,
1226 4963 1317 5027 quom
1335 4944 1444 5026 piures
1461 4958 1560 5004 annos
1571 4939 1672 5001 literis
1688 4937 1823 5017 praecis,

190 5068 361 5133 cbaidoicis
377 5076 403 5131 et
417 5068 552 5131 arabicis
570 5070 741 5132 insudavit.
758 5070 869 5131 Omnia
884 5070 963 5130 enim
981 5068 1122 5132 visitavit
1144 5066 1406 5149 pbilosopieorum
1423 5065 1493 5126 loco
1518 5069 1546 5123 et
1563 5060 1682 5133 studia,
1712 5059 1776 5119 imo
1797 5062 1824 5118 et

190 5190 294 5270 ipsum
306 5189 469 5251 oraculum
482 5189 570 5263 solis,
582 5187 666 5270 quod
686 5187 890 5269 Aesculapius
906 5187 967 5250 sibi
978 5195 1209 5250 construxerat.
1223 5187 1261 5247 ln
1274 5204 1335 5268 quo
1350 5184 1613 5248 abstinentissimo
1631 5181 1825 5246 cuidamltu·

192 5309 342 5373 millimus
356 5310 496 5386 servivit,
513 5318 548 5371 ut
570 5306 626 5369 sub
649 5325 682 5368 eo
700 5306 799 5368 omnis
809 5305 1029 5387 pbilosopleiae
1042 5307 1241 5387 inoestiporet
1258 5307 1385 5367 secreta.
1403 5304 1565 5366 lnvemens
1583 5302 1716 5376 tandem,
1737 5296 1822 5384 quod
1855 5307 1858 5320 “

194 5438 256 5491 tom
279 5429 459 5505 ionpissimo
485 5429 590 5491 labore
615 5428 822 5509 quaesiverat,
848 5429 882 5490 in
907 5427 1036 5490 ltaliam
1051 5436 1077 5489 et
1098 5426 1236 5490 Galliam
1253 5431 1296 5487 est
1311 5441 1463 5486 reuersus.
1482 5421 1540 5490 ilbi
1556 5420 1593 5483 ob
1611 5416 1825 5483 incredibilem

195 5558 400 5622 eruditionem
436 5558 550 5623 carnia
576 5551 683 5623 Caico,
712 5558 740 5611 et
762 5559 835 5631 post
860 5569 926 5612 eum
950 5548 1110 5612 Ludooico
1135 5545 1233 5608 Balbo
1261 5551 1424 5624 acceptus,
1449 5540 1597 5619 Dionysii
1616 5538 1825 5618 Areopaqitae

192 5676 289 5742 libros
315 5681 351 5743 de
378 5681 501 5746 caelesti
523 5654 695 5750 tereretis,
705 5690 746 5734 eto
759 5672 1035 5755 Constantinopoli
1054 5681 1128 5734 tunc
1150 5673 1273 5757 missos,
1290 5669 1405 5732 latinos
1419 5668 1490 5745 tecit
1513 5685 1593 5729 anno
1610 5664 1734 5728 Domine
1753 5663 1823 5726 858.
