3984 6534
83 412 156 469 tart

79 545 147 601 prm
169 523 310 584 'furonirse
324 530 469 599 prouinciae
488 549 494 585 :
511 532 550 587 sic
566 539 667 598 tamen,
691 543 720 589 ut
749 533 865 590 Namne·
880 542 907 598 Α

79 621 143 676 siue
156 619 287 682 eeclesiae,
300 621 342 674 cui
354 621 442 676 fuerat
455 622 615 689 destinatus,
629 624 656 679 in
676 640 709 681 eo
734 627 805 696 quod
829 643 870 682 rc-

79 709 412 778 mausit,quiadestrucu
433 711 558 774 babetur,
586 710 648 780 jura
675 724 866 783 potestatemve

75 799 154 855 nullo
180 800 259 855 morlo
275 800 475 856 subtrahamus.
499 801 702 871 interponentes
725 806 866 874 pastoralis

75 889 179 960 rigoris
192 905 345 955 censuram,
368 898 398 944 ut
418 891 632 963 quandocunque
642 894 684 947 rel
701 896 868 965 quiscunque

74 978 161 1034 aliurn
172 979 229 1048 ipso
242 980 387 1049 strperstite
399 981 426 1034 in
436 979 548 1050 praefata
558 982 712 1052 metropoli,
726 984 791 1038 etin
803 984 866 1051 ista,

72 1068 121 1123 sel
135 1069 161 1122 in
177 1083 269 1124 earum
280 1069 449 1138 pertinentiis
460 1069 550 1126 locare
572 1072 723 1136 tentaverit,
749 1079 796 1126 aut
823 1086 867 1127 or·

73 1157 171 1213 dinare
204 1159 429 1228 praesumpserit,
454 1160 644 1216 ecclesiasticas
668 1162 867 1220 communionis

73 1247 213 1302 consortio
232 1256 333 1302 careat.
346 1247 488 1319 Sarrepost
512 1248 571 1318 ejus
597 1251 739 1306 decessum
770 1251 868 1308 electio

72 1337 218 1400 canonica,
233 1344 260 1389 et
270 1336 406 1393 ordinatio
419 1353 433 1391 a
444 1338 622 1409 suffraganeis
638 1341 773 1411 episcopis
793 1341 866 1411 ejus·

71 1424 139 1478 dem
151 1425 329 1495 metropoleos
352 1426 493 1482 Turunicae
510 1430 639 1484 canonice
657 1428 809 1485 celebretur
831 1445 865 1486 es

71 1530 152 1570 more
164 1523 191 1570 et
204 1517 227 1571 si
242 1515 408 1573 Namneticas
431 1520 575 1590 contigerit
588 1520 716 1576 Ecclesiae
738 1523 771 1576 ad
795 1522 866 1592 prio·

72 1616 134 1657 rem
150 1602 237 1659 redire
251 1613 361 1672 statum,
383 1606 450 1662 nihil
463 1607 560 1663 alliciat
574 1610 598 1662 ci
613 1611 671 1664 lrrec
693 1612 865 1666 necessitatis

69 1695 171 1757 unitio,
188 1709 267 1764 quarn
280 1697 371 1768 exegit
383 1713 548 1768 paganarum
566 1700 694 1766 vastatio,
718 1702 865 1772 quominus

68 1784 211 1854 proprium
221 1784 310 1841 valeat
321 1786 422 1842 babere
432 1788 596 1857 pontificem.
610 1789 663 1845 Sed
675 1791 792 1847 vidimus
802 1805 864 1846 eum

681 418 858 474 EPlS'lOLtli
876 423 921 477 ΕΤ
938 423 1108 481 nucitum.

1279 547 1336 601 xl.

1173 671 1207 710 au
1224 672 1371 715 errscorurr
1389 675 1450 717 ru...

1220 767 1308 837 (dmm
1334 771 1410 843 sta.)

919 865 1098 937 Continentur
1108 873 1304 930 matrimonium
1316 878 1565 947 cujusdamoisente
1573 882 1708 943 aarum

1226 956 1398 1002 contractum.

1074 1048 1164 1122 [apuu
1181 1051 1275 1109 Baluz.
1291 1054 1416 1123 Miscuit,
1439 1063 1504 1113 tom.
1520 1057 1554 1133 1.]

953 1157 1089 1216 dustanus
1108 1163 1260 1235 episeopus,
1275 1179 1371 1222 servus
1384 1181 1525 1224 serrorum
1546 1169 1604 1237 bei,
1622 1187 1706 1230 rene·

918 1247 995 1301 rabili
1019 1248 1096 1305 fratri
1112 1250 1143 1306 B.
1161 1253 1266 1310 Catbal.
1281 1255 1408 1328 episcope
1429 1248 1542 1316 salutem
1557 1271 1584 1318 et
1597 1273 1706 1333 aposto·

917 1330 997 1390 licam
1013 1336 1242 1396 benedictionem.

952 1423 995 1478 Ad
1009 1428 1245 1494 apostolicaesedis
1258 1433 1381 1488 notitiam
1395 1443 1440 1489 tua
1457 1435 1613 1494 fraternitas
1626 1454 1708 1495 nore-

917 1511 953 1565 rit
964 1515 1119 1582 pervenisse
1133 1517 1202 1573 inter
1214 1521 1357 1589 quemdam
1373 1524 1572 1594 parochianum
1588 1536 1663 1583 tuum
1678 1536 1710 1584 et

918 1601 1000 1657 frliam
1026 1603 1166 1672 curjusdam
1189 1610 1296 1676 viduae,
1313 1615 1452 1685 utriusque
1475 1618 1560 1688 partis
1583 1636 1707 1688 assensu,

918 1694 1149 1751 consentientibus
1170 1699 1251 1754 etiam
1275 1704 1433 1770 parentibus
1447 1714 1474 1762 et
1494 1707 1600 1777 amicis,
1614 1713 1708 1768 matri·

917 1783 1039 1838 tuonium
1059 1787 1194 1855 quondam
1209 1788 1293 1846 fuisse
1307 1802 1485 1850 contractum.
1510 1797 1562 1854 Sed
1582 1800 1644 1870 quia
1660 1816 1706 1856 sa-

69 1874 151 1928 „qu
169 1874 274 1930 2ququ
298 1887 408 1946 propter
434 1879 650 1947 persecutionem
674 1894 861 1951 paganorum
877 1891 899 1954 ο
916 1872 1012 1927 cerdos
1026 1873 1096 1929 datae
1114 1878 1239 1948 utrinque
1252 1878 1315 1935 filei
1328 1896 1383 1936 nou
1398 1883 1531 1952 interfuit,
1543 1902 1604 1943 cum
1618 1896 1708 1947 tamea

920 1960 965 2014 alii
992 1968 1075 2017 testes
1103 1964 1213 2035 legitimi
1237 1967 1330 2036 plures
1356 1969 1510 2047 interfuisse
1542 1986 1707 2044 noscantur,

68 1977 100 2018 et
112 1979 173 2019 cum
184 1980 279 2020 omnes
296 1967 351 2021 sint
361 1981 428 2036 pene
437 1982 482 2033 res
497 1967 581 2038 ipsius
602 1969 731 2024 Ecclesiae
746 1970 866 2040 depopu-

69 2056 145 2123 lata,
164 2072 305 2126 precamur
320 2057 499 2128 largissimam
515 2060 729 2115 munificentiam
752 2069 780 2116 et
802 2062 868 2116 cira·

69 2150 180 2204 ritatem
191 2158 318 2214 vestram,
330 2150 365 2206 ob
379 2165 499 2205 amorem
511 2150 559 2205 Dei
571 2159 599 2205 et
609 2150 695 2206 sancti
718 2150 791 2207 Petri
817 2166 863 2208 no·

67 2239 490 2307 atramquedeprecntionem,et
513 2240 564 2294 lroc
588 2240 624 2294 sit
648 2240 676 2294 in
708 2240 866 2296 memoriale

66 2335 239 2397 perpetuum,
252 2327 323 2395 quod
336 2327 527 2382 concesseritis
544 2326 623 2382 nobis
643 2329 694 2383 boc
708 2326 821 2392 dantum,
835 2336 866 2382 ut

65 2431 125 2471 non
140 2416 280 2485 patiamini
297 2424 399 2470 tantum
412 2416 500 2472 locum
511 2431 621 2485 pessum
635 2416 685 2481 ire,
707 2425 734 2472 ct
747 2417 774 2472 iu
786 2417 865 2472 deso·

64 2503 208 2569 lationem,
216 2505 368 2574 pracsertim
376 2520 435 2559 cum
443 2504 523 2558 fuerit
531 2519 564 2559 cx
575 2507 686 2575 antiquo
694 2505 864 2575 metropolis,

62 2604 95 2651 et
108 2595 213 2651 meritis
233 2595 419 2664 gloriosissimi
447 2595 612 2650 confessoris
627 2595 728 2651 Cirristi
754 2595 863 2650 llartini

64 2686 244 2752 inenarrabilis,
262 2700 422 2757 semperque
435 2685 608 2751 venerabilis,
633 2693 660 2740 ct
684 2686 757 2740 iuter
780 2685 863 2741 Galli·

62 2791 152 2834 eauas
162 2777 257 2832 eadem
270 2776 311 2831 rcl
323 2776 441 2831 securata
456 2776 499 2832 rel
519 2777 599 2831 tertia
613 2775 752 2846 provincia
776 2774 864 2830 Turo-

64 2867 171 2933 nensis,
186 2876 213 2922 et
225 2866 317 2921 multis
331 2881 391 2936 quac
407 2867 440 2922 ab
460 2881 491 2920 ea
514 2867 650 2922 distractae
677 2873 748 2931 sunt,
778 2866 863 2922 ditata

61 2958 149 3024 uillis,
166 2958 381 3028 possessionibus
394 2967 421 3012 et
449 2958 577 3014 abbatiis.
595 2958 704 3012 Etcum
719 2956 787 3020 aliae,
802 2971 863 3026 quae

61 3053 160 3110 sabea
172 3059 244 3117 sunt,
258 3050 452 3119 civitatesjam
464 3051 519 3106 sint
541 3066 610 3120 pene
635 3050 791 3115 destructe,
814 3050 863 3104 ha·

62 3159 127 3198 rum
141 3144 378 3199 matrem‘tantam
389 3150 417 3197 et
436 3142 606 3213 metropolim
619 3157 652 3196 ne
664 3139 805 3212 patiamini
816 3140 862 3194 dc·

61 3234 145 3298 strui,
154 3233 283 3298 desolari,
294 3243 321 3288 et
332 3232 495 3287 dehonorari
506 3240 598 3286 vestro
609 3230 635 3284 in
648 3239 777 3302 tempore.
789 3229 858 3297 Quin
875 3236 897 3296 c

60 3325 274 3396 potiusstudcte
295 3338 354 3379 earn
375 3324 408 3379 de
436 3325 516 3379 rebus
540 3323 637 3378 restris
660 3323 788 3394 propriis,
816 3321 860 3377 vel

60 3413 159 3487 pmeul
174 3414 208 3469 ab
220 3429 252 3468 ea
264 3413 368 3482 positis,
381 3412 423 3468 uel
438 3414 503 3467 tutis
518 3428 533 3466 a
548 3412 669 3482 paganis,
685 3411 782 3476 ditare,
794 3426 859 3466 con-

63 3505 167 3568 tinere,
182 3511 210 3558 et
223 3502 363 3559 extollere.
384 3503 450 3568 Quia
475 3512 537 3557 tune
551 3517 582 3557 ea
594 3502 670 3556 robis
684 3501 712 3555 iu
725 3509 856 3556 aeternum

61 3592 251 3657 confirmatis,
278 3608 341 3647 cunr
364 3607 425 3662 que
453 3592 637 3647 Ecclesiarum
657 3590 706 3646 bei
720 3589 857 3660 obsequiis

62 3681 233 3744 condonatis,
250 3690 276 3736 et
290 3681 434 3736 reservatis
448 3681 573 3735 omnibus
585 3695 633 3734 sua
641 3678 702 3747 jura
721 3690 857 3749 metropo-

61 3771 165 3826 litanis.
177 3769 269 3826 Nostis
286 3771 359 3824 enim
385 3769 449 3840 quia
462 3783 544 3824 omrre
560 3768 753 3823 rrzonasterium
768 3770 795 3824 in
809 3783 855 3839 po

61 3870 162 3917 testate
186 3859 307 3931 episcopi
331 3860 479 3914 consistere
500 3859 579 3913 debet
598 3856 676 3925 jurata
696 3859 854 3913 eanonicam

919 2060 1010 2105 utrum
1036 2052 1189 2124 brrjusmodi
1213 2059 1415 2116 matrimonium
1438 2071 1512 2120 stare
1536 2065 1649 2133 debeat,
1672 2082 1706 2123 an

918 2141 1000 2197 etiam
1027 2142 1134 2199 irritum
1151 2146 1291 2214 habeatur,
1308 2149 1422 2218 questio
1449 2151 1605 2219 inde,sicut
1630 2154 1708 2213 nobis

917 2231 1032 2286 relatum
1052 2242 1103 2299 cst,
1120 2234 1245 2304 agitatur.
1261 2235 1297 2293 Ut
1320 2247 1410 2296 autem
1424 2241 1512 2299 omnis
1535 2243 1650 2313 quaestio
1663 2259 1708 2304 su-

916 2335 966 2390 per
977 2323 1073 2377 eodem
1087 2324 1260 2380 matrimonio
1274 2325 1419 2384 decaetero
1433 2329 1565 2400 sopiatur,
1578 2347 1628 2401 per
1642 2346 1707 2404 apo·

917 2409 1011 2465 stolica
1036 2410 1083 2466 tibi
1109 2412 1211 2481 scripta
1225 2415 1385 2471 mandamus
1404 2428 1538 2489 quatenus
1553 2416 1706 2490 hujusmodi

916 2503 1081 2558 connubium
1100 2503 1211 2560 dissolri
1228 2505 1380 2564 nullatenus
1401 2508 1522 2577 patiaris,
1537 2509 1585 2565 sed
1598 2510 1706 2567 firmum

915 2593 1000 2649 facias
1023 2603 1105 2665 atque
1131 2597 1286 2653 inuiolabile
1308 2613 1477 2670 permanere.
1504 2599 1533 2656 Si
1548 2601 1620 2657 euim
1636 2603 1706 2661 alias

914 2699 1037 2753 personae
1051 2686 1243 2741 convenientes
1256 2696 1284 2742 et
1297 2687 1424 2758 legitimae
1437 2687 1537 2744 fuerint
1555 2698 1584 2744 et
1597 2698 1706 2748 contra·

914 2782 973 2830 ctus
989 2775 1045 2844 ipse
1060 2775 1163 2846 legibus
1180 2777 1360 2844 concordans,
1376 2777 1412 2831 ita
1427 2779 1499 2848 quod
1513 2793 1566 2833 non
1581 2780 1705 2836 rideatur

914 2866 938 2919 ei
949 2865 982 2918 de
996 2865 1081 2919 sacris
1094 2866 1243 2922 canonibus
1253 2868 1433 2939 obviare,pro
1446 2883 1479 2926 eo
1489 2869 1560 2940 quod
1573 2868 1703 2927 sacerdos

914 2956 1014 3010 absens
1023 2954 1114 3020 fuerit,
1128 2955 1182 3010 taio
1193 2956 1395 3011 matrimonium
1409 2972 1463 3012 nou
1477 2957 1558 3014 debet
1568 2955 1704 3015 ullatenus

914 3045 1036 3117 impediri

1274 3135 1342 3191 titt.

1087 3262 1121 3300 an
1139 3262 1263 3303 annotari
1281 3264 1387 3306 canturi
1409 3265 1506 3308 naseu.

1215 3362 1303 3429 (Anno
1318 3362 1393 3434 872.)

910 3469 1006 3538 liepcur
1027 3471 1203 3539 asperioribus
1218 3471 1311 3527 litteris
1327 3474 1470 3543 offensum,
1491 3477 1574 3533 muita
1592 3480 1625 3533 de
1645 3480 1702 3551 ejus

943 3539 1066 3593 laudibus
1078 3541 1240 3610 praedicans,
1252 3540 1358 3610 placare
1368 3550 1464 3598 studet.
1484 3545 1523 3599 De
1537 3545 1652 3603 Astartio
1667 3552 1702 3604 arf
1743 3582 1747 3588 ·

943 3609 1031 3662 sedem
1054 3608 1211 3663 l'uronicnru
1223 3608 1361 3664 translato.
1377 3611 1522 3682 imperium
1537 3611 1632 3670 Carolo
1662 3629 1702 3672 ost

942 3677 1069 3796 &adonici
1082 3677 1180 3731 obitum
1202 3679 1340 3747 promittit.
1355 3677 1390 3732 lit
1413 3682 1446 3733 de
1464 3679 1609 3738 flinrrnaro
1669 3702 1704 3740 ar·

963 3761 1064 3800 unctui.

947 3852 1086 3907 dontinus
1109 3853 1273 3923 episeopus„
1289 3868 1383 3910 servus
1408 3870 1549 3913 serrorum
1569 3860 1633 3926 liei,
1656 3861 1700 3918 di·

62 3950 254 4008 auctoritatem
272 3965 279 4003 t
294 3958 324 4005 et
336 3949 401 4019 quia
414 3949 467 4005 lroe
491 3957 533 4004 est
561 3958 769 4017 transgressum,
796 3946 856 4002 ideo
908 3944 1054 4000 lectissimo
1069 3944 1124 3998 filio
1146 3955 1173 3998 ot
1191 3945 1384 4013 gloriosissimo
1399 3946 1508 4004 Canoto
1531 3952 1597 4023 regi,
1611 3953 1701 4025 coiqu-

61 4041 179 4112 plurima
194 4024 357 4095 monast'cria
368 4038 502 4094 habentur
520 4037 668 4101 destructa,
694 4036 774 4091 sicuti
799 4050 856 4090 mo-
907 4036 986 4108 giqne
999 4035 1112 4089 salutem
1125 4036 1151 4090 in
1165 4035 1283 4091 Christo.

62 4131 212 4189 pastorium
240 4129 326 4185 sancti
351 4126 468 4183 bledardi
493 4125 619 4191 Turonis,
641 4126 668 4180 in
692 4141 748 4195 quo
764 4125 857 4193 iacent
942 4125 1059 4180 Litteras
1076 4134 1172 4180 restrae
1194 4125 1341 4182 nobilitatis
1357 4143 1406 4198 per
1421 4131 1602 4188 venerabilem
1616 4133 1698 4191 tilium

61 4223 253 4293 episcoporum
266 4218 345 4290 primi
370 4217 569 4272 Turonensium
592 4214 855 4271 LidoriusetGatia·
907 4220 935 4268 et
946 4211 1059 4267 fratrem
1082 4223 1203 4267 nostrum
1222 4213 1554 4288 Actardum'episcopum
1578 4223 1699 4291 suscepi·

61 4328 132 4378 num
146 4313 216 4368 sicut
228 4320 256 4365 et
270 4309 462 4365 ilonasterium
481 4307 578 4378 majus,
603 4306 673 4362 sicut
696 4305 779 4362 etiam
801 4305 854 4361 alia
907 4317 987 4359 mus:
1001 4302 1139 4372 inquibus
1159 4302 1241 4357 nrulta
1255 4304 1459 4373 reclamatoria,
1481 4307 1662 4379 resultatoria,
1672 4320 1701 4366 et

61 4405 91 4458 in
105 4402 199 4456 eadem
214 4400 323 4456 ciuitate
336 4398 511 4463 monasteria,
527 4412 587 4467 quae
599 4396 710 4451 forsitan
730 4411 778 4466 per
799 4397 855 4466 cpi·
907 4393 1070 4450 tumultuosa
1085 4393 1287 4463 perspeximus,
1310 4395 1389 4450 aliter
1412 4412 1494 4466 quarn
1510 4407 1700 4468 optaveramus

61 4491 171 4563 scopnle
196 4489 397 4554 ministerium,
427 4496 454 4545 et
476 4497 596 4543 restrum
625 4487 852 4556 sapientissimum
906 4483 1113 4538 murmurantia.
1131 4483 1253 4553 Regnum
1275 4483 1322 4539 bei
1335 4484 1423 4541 nullus
1438 4501 1611 4544 murmurans
1631 4489 1700 4546 aeci·

61 4580 256 4643 consiliumet
270 4578 451 4649 largissimum
475 4576 586 4641 donum,
612 4584 742 4646 poterunt
766 4576 855 4631 redire
871 4568 893 4627 D
906 4573 955 4642 pit,
969 4589 1018 4628 nec
1032 4587 1202 4627 murmurare
1215 4573 1316 4642 poterit
1330 4573 1475 4644 accipiens.
1494 4576 1610 4632 Audiens
1626 4577 1699 4633 enirn

61 4670 97 4724 ad
115 4669 232 4739 priorem
246 4675 361 4723 statum.
377 4667 477 4722 acuent
490 4666 573 4721 ctiam
585 4665 638 4720 vici
650 4680 746 4721 omncs
768 4663 854 4720 eccle·
904 4666 1008 4734 sapiens
1019 4663 1162 4733 sapientior
1177 4664 1235 4727 erit,
1250 4673 1274 4716 et
1289 4663 1433 4735 intelligens
1448 4666 1627 4737 puberuacaio
1640 4685 1700 4739 por·

64 4761 111 4814 s⁷at
121 4757 264 4826 cuiuslibet
277 4757 413 4828 paroclrirc
424 4758 450 4811 iu
461 4765 594 4825 potestate
607 4756 755 4810 consistere
782 4769 853 4824 praa·
904 4757 997 4810 ridebit
1021 4755 1174 4826 (Proui).
1196 4752 1251 4809 Nos
1272 4770 1347 4822 reru,
1372 4756 1435 4811 licet
1462 4757 1584 4829 indigni,
1609 4767 1699 4815 tamen

63 4847 138 4913 sniis,
152 4849 222 4903 sieut
246 4847 382 4903 moriscst
395 4845 517 4903 ecclesiis
539 4846 671 4916 plurimis.
698 4848 751 4902 lies
771 4847 852 4901 etiam
904 4863 998 4904 sunrus
1021 4848 1091 4903 illius
1110 4848 1217 4910 vicarii,
1238 4850 1280 4904 cui
1298 4848 1435 4904 commisit
1458 4849 1529 4903 licus
1551 4848 1700 4906 Ecclesiam

61 4955 123 5010 quae
138 4941 171 4995 de
184 4939 279 4996 eadem
302 4939 418 4994 ecclesia
443 4948 591 4994 noscuntur
617 4937 710 4999 fuisse,
737 4948 766 4991 et
788 4935 853 4990 olim

62 5038 127 5088 sunt
141 5031 293 5095 abstmetae,
316 5044 462 5103 precamur
475 5044 523 5084 vos
537 5029 624 5083 cidem
640 5027 795 5094 restituere,
822 5034 851 5082 et

62 5123 134 5179 sicut
147 5120 250 5192 precati
262 5119 318 5187 jam
332 5136 439 5184 sunaus,
461 5121 494 5174 ad
507 5134 626 5188 presens
638 5119 670 5174 de
683 5118 781 5173 restris
804 5130 849 5172 re·

62 5214 116 5267 bars
130 5210 246 5281 prepriis
266 5225 315 5280 per
341 5220 502 5281 preceptum
525 5218 645 5264 restrum
672 5223 731 5264 cam
754 5209 851 5274 ditare,

63 5309 233 5366 construere,
248 5309 276 5357 et
290 5301 366 5356 robis
389 5301 415 5355 iu
433 5310 563 5356 aetirrnum
588 5299 723 5369 propriam
752 5296 850 5361 farere,

64 5399 96 5446 ut
111 5404 165 5444 non
179 5401 299 5455 uocetur,
320 5400 348 5446 ut
367 5391 527 5461 antiquitus,
547 5389 757 5445 Caesarodunum
781 5388 852 5443 ulte-

65 5481 137 5545 rius,
156 5480 202 5536 sed
224 5480 415 5537 ilarolidonum
436 5482 464 5536 in
487 5489 656 5551 perpetuum.
678 5478 854 5549 Omnipotens

67 5568 198 5624 Dominus
223 5572 376 5629 serenitatis
401 5579 498 5629 restrae
523 5573 640 5644 regalem
666 5570 852 5628 excellentiam

68 5656 172 5712 salsam
184 5659 209 5713 iu
223 5661 436 5734 erunibusatquc
457 5663 618 5720 incolumem
645 5663 672 5718 in
692 5663 732 5718 sui
746 5675 852 5731 semper

70 5760 164 5805 aurore
176 5765 330 5808 conservare
344 5755 475 5826 dignetur.

904 4958 992 5009 suam,
1005 4942 1072 4998 dans
1085 4942 1108 4997 ei
1122 4951 1282 5010 potestatem
1296 4939 1397 5012 ligandi
1415 4947 1497 5010 atque
1519 4938 1658 4996 solvendi:
1672 4946 1701 4994 ct

904 5035 1106 5105 qualescunque
1125 5033 1224 5098 simus,
1241 5032 1314 5087 illius
1340 5029 1420 5103 primi
1441 5029 1558 5087 sessoris
1578 5030 1698 5095 meritis,

903 5125 1021 5195 quandiu
1040 5124 1136 5179 merita
1151 5122 1209 5192 ejus
1222 5123 1249 5177 in
1272 5121 1350 5178 cutis
1373 5136 1426 5177 nou
1442 5120 1612 5186 moriuntur,
1626 5120 1698 5190 quod

903 5214 1068 5285 operandum
1083 5213 1165 5268 estin
1186 5212 1308 5268 Ecclesia
1329 5210 1381 5266 sibi
1403 5208 1564 5274 commissa,
1584 5206 1619 5264 ab
1639 5208 1697 5280 ipsa

903 5302 1031 5373 repletur.
1045 5300 1079 5354 Et
1090 5300 1199 5370 quidem
1222 5300 1285 5370 quia
1304 5297 1382 5368 quasi
1397 5307 1516 5353 tumores
1528 5304 1556 5351 ct
1575 5294 1698 5353 hsioues

903 5398 1009 5446 vestras
1019 5387 1153 5458 palpitare
1163 5389 1307 5452 sensimus,
1317 5387 1366 5442 bas
1378 5387 1439 5443 oleo
1449 5384 1640 5442 cornaletiouis
1649 5399 1698 5457 per

904 5480 988 5537 melos
1012 5478 1174 5533 dulcissimae
1195 5477 1353 5543 charitatis,
1375 5484 1403 5532 et
1421 5483 1523 5532 sancta
1546 5475 1699 5533 dilectionis

904 5578 1071 5641 unguentum
1085 5569 1188 5636 furere,
1196 5569 1326 5635 lenire,et
1332 5566 1367 5622 ad
1378 5565 1541 5637 integritatis
1553 5565 1698 5622 saalim

903 5661 1053 5730 perducere
1066 5660 1264 5717 medicamento
1278 5674 1331 5732 quo
1344 5657 1466 5712 suemus
1477 5666 1612 5729 optamus.
1630 5655 1698 5715 Cum

904 5751 1061 5806 rrorerimus
1075 5767 1155 5808 omne
1172 5752 1271 5807 donum
1291 5750 1440 5820 optimum,
1463 5757 1492 5807 et
1504 5761 1585 5805 sutus
1603 5745 1697 5804 datum
