3984 6534
174 429 226 488 ste
861 416 1002 475 sotanis
1020 415 1119 473 seori
1774 412 1814 468 tit
1855 478 1857 487 Ι

176 552 300 600 naturam
326 553 434 609 sempor
453 538 572 600 moveri,
593 535 664 605 quod
685 533 766 589 ctiam
791 533 847 588 tere
872 533 1071 602 omnesAqua
1093 533 1236 605 Dionysius
1257 533 1419 604 Areopagita
1440 530 1593 587 Dorothco
1620 528 1744 584 scribens
1762 532 1812 585 ait:

177 632 260 689 divini
284 629 437 701 philosophi
461 627 628 697 approbant,
652 625 839 681 incunctanter
856 624 966 690 asserit,
1019 625 1206 696 Diuinacaliqo
1219 637 1255 681 est
1266 623 1445 681 inaccessibile
1456 621 1604 686 lumen¹¹‚
1614 619 1813 692 iae-cumam

177 730 205 776 ει
219 719 287 775 nihil
303 719 375 773 aliud
393 717 506 786 appetit,
529 715 582 770 nisi
604 729 738 770 summum
758 715 869 779 bonum,
883 729 899 766 a
913 728 967 782 quo
1019 715 1089 770 Deus
1099 718 1198 771 dicitur
1206 733 1216 782 ,·
1230 717 1293 771 dam
1306 714 1442 770 imisibilis
1454 713 1552 769 existit
1566 710 1594 744 11
1607 721 1813 783 praptcrssprn·

176 812 257 868 ueluti
284 811 415 881 principio
438 810 532 881 incipit
556 811 668 876 moueri,
693 817 721 866 ct
741 810 775 865 ad
790 809 862 880 quod
885 808 967 865 veluti
1018 808 1159 863 minentem
1174 808 1329 874 claritatem,
1344 819 1368 863 et
1383 805 1610 862 inaccessibilem
1627 807 1810 876 superessetlm

176 902 279 959 linem¹
296 909 399 956 motum
419 916 497 956 suum
519 899 664 956 acceleret.
682 899 750 957 Tota
769 900 903 969 siquidem
924 914 968 954 ra·
1019 898 1349 969 tiam¹¹superessentiatis
1362 899 1497 953 luminum
1511 896 1807 961 manationis¹¹,irlsc

176 990 283 1048 uenalis
311 998 447 1054 creatura,
475 1004 546 1059 quac
568 987 677 1060 proprie
703 989 730 1045 in
748 988 903 1045 hominibus
924 989 966 1044 in·
1019 987 1049 1058 fit
1064 990 1147 1043 amnis
1160 988 1321 1044 Deamscirc
1339 996 1362 1042 et
1375 988 1465 1042 cidere
1485 986 1610 1055 dianus,
1627 985 1694 1039 dens
1713 985 1807 1055 ipsrsas

177 1080 305 1152 telligitur
331 1080 479 1135 subsistere
498 1081 520 1146 ¹,
543 1080 666 1135 etiamin
697 1078 802 1136 delictis
821 1079 879 1134 suis
906 1093 969 1149 per-
1018 1080 1097 1145 uidet,
1120 1097 1167 1135 uec
1187 1081 1384 1150 capnascitacre
1405 1078 1513 1142 lumen,
1530 1077 1562 1132 in
1583 1093 1642 1148 qtto
1662 1093 1736 1147 seper
1752 1077 1807 1132 eise

176 1169 315 1239 versisque
339 1167 505 1225 antractibus
529 1168 615 1225 licum
641 1167 766 1234 ¹suum,
795 1183 889 1239 aquo
916 1175 968 1236 est,
1019 1189 1078 1227 nem
1103 1181 1127 1227 et
1153 1171 1325 1242 manitionem
1349 1170 1434 1239 [actus
1457 1167 1521 1233 est',
1550 1167 1611 1220 bac
1635 1166 1717 1221 missa
1734 1169 1807 1231 scien¹

176 1267 203 1313 et
229 1258 262 1313 ad
283 1273 364 1328 quem
389 1258 625 1329 contemplandum
651 1259 759 1316 condita
783 1268 837 1326 est,
863 1275 970 1330 semper
1019 1280 1079 1320 eam
1098 1265 1125 1318 in
1144 1263 1265 1318 omnibus
1290 1260 1455 1317 sensibilibus
1478 1269 1506 1314 et
1528 1257 1739 1329 intettipitittter
1752 1277 1808 1324 csse.

176 1347 291 1417 quaerit.
305 1347 483 1403 Rationabilis
498 1349 596 1418 quippe
610 1356 707 1404 natura
720 1364 857 1420 uunquam
869 1348 969 1402 malurn
1019 1360 1045 1408 cr
1059 1351 1208 1422 prophetice
1226 1352 1338 1407 dicens:
1355 1348 1493 1404 llirabilis
1510 1349 1596 1418 sacta
1612 1359 1653 1403 est
1663 1350 1752 1404 menis
1764 1361 1805 1403 trra

177 1440 291 1509 appetit,
307 1440 333 1495 in
358 1439 449 1495 multis
468 1448 562 1499 tamen
576 1440 677 1495 lallitur
696 1451 723 1497 ct
743 1441 885 1512 decipitur,
903 1437 970 1494 lalsa
1019 1460 1053 1502 ce
1066 1462 1122 1510 mc,
1138 1445 1287 1516 confortata
1301 1454 1353 1510 ert,
1369 1452 1392 1498 et
1404 1459 1457 1497 nan
1473 1451 1578 1513 patero
1597 1442 1638 1496 ad
1651 1458 1708 1497 erm
1722 1442 1803 1508 ous-

178 1545 227 1601 pro
241 1532 312 1588 voris
326 1533 490 1604 approbans,
505 1535 577 1604 quod
596 1537 734 1606 proprium
752 1544 794 1591 est
815 1535 927 1600 erroris,
942 1542 971 1590 et
1021 1540 1163 1595 admodum
1186 1539 1264 1593 etiam
1289 1538 1391 1592 diritius
1416 1535 1529 1589 Paulus
1565 1534 1661 1589 Densa
1688 1536 1806 1605 mptum

178 1637 231 1676 non
243 1630 347 1679 rectam
360 1625 431 1680 uiam
445 1625 621 1696 ingredientis
633 1624 645 1658 1
656 1627 691 1682 ad
708 1642 842 1683 summurn
857 1629 969 1693 bonum,
1022 1629 1132 1690 dicitur,
1147 1642 1303 1698 acquescens
1316 1626 1391 1681 illum
1406 1641 1491 1695 saper
1508 1641 1628 1679 omnem
1642 1623 1811 1696 irratione·

178 1714 249 1783 quod
266 1728 374 1784 semper
388 1717 504 1786 quaerit.
530 1715 677 1773 Perversus
696 1728 786 1773 autem
805 1718 861 1788 ipse
883 1724 972 1772 irrotns
1022 1729 1047 1774 et
1066 1718 1241 1789 counitionem
1258 1719 1411 1772 existentem
1426 1733 1436 1780 ,·
1456 1724 1581 1786 propter
1601 1716 1678 1788 quart
1693 1726 1717 1770 ct
1732 1717 1813 1770 mmai·

179 1805 309 1861 uocabulo
329 1804 447 1862 malitiae
464 1823 517 1863 non
536 1807 683 1881 incongrue
698 1809 857 1880 appellatur.
871 1807 971 1863 ltalitia
1022 1806 1120 1878 pabiles
1143 1823 1199 1861 csse
1221 1808 1278 1861 aias
1300 1806 1357 1876 ejus
1380 1807 1436 1872 ait,
1463 1815 1492 1860 et
1521 1806 1717 1860 inscrustabilis
1735 1807 1812 1876 judicis

180 1911 297 1966 namque
311 1906 353 1952 εει
375 1898 482 1954 anintae
497 1898 686 1955 intellectualis
705 1900 870 1956 naturalium
888 1900 973 1954 bono·
987 1868 1098 1968 Bajas,
1113 1907 1137 1951 et
1155 1896 1344 1951 inenarrabiles
1358 1897 1525 1951 donationes
1541 1897 1627 1967 cius,
1643 1908 1669 1952 et
1682 1899 1812 1968 psa-qu

180 2003 239 2043 rum
255 1988 364 2056 oblivio,
377 1996 406 2044 et
419 1989 453 2045 ad
469 1989 549 2046 linem
561 1991 702 2048 insitarum
714 2002 828 2048 naturae
842 1991 973 2047 uirtutum
1024 1997 1191 2059 superantem
1218 2003 1322 2042 amnem
1343 1985 1532 2052 intellectam,
1559 1990 1605 2042 sic
1627 1988 1756 2044 inuenietis
1773 2004 1814 2042 r·

180 2080 344 2148 operationis
376 2078 520 2147 deiectus,
547 2081 765 2154 naturaliumque
793 2083 974 2154 potentiarum
1023 2074 1657 2149 superomnia,etlrnasuperintellipentiam
1671 2092 1814 2146 caesanam,

180 2184 230 2239 per
250 2170 387 2227 fallentem
406 2172 601 2244 judicationem
623 2176 650 2230 in
670 2175 742 2231 aliud
766 2184 874 2246 praeter
892 2174 974 2231 linem
1023 2171 1086 2243 quia
1107 2187 1188 2242 supra
1212 2169 1300 2224 amula
1326 2177 1382 2233 0³²,
1410 2168 1541 2223 ⁰m¹¹5¹lm
1567 2168 1697 2224 6011311111
1718 2169 1814 2223 ‘filim
1846 2169 1849 2173 ’

180 2262 375 2318 irrationabilis
392 2272 491 2319 motus.
514 2263 609 2320 Finem
623 2280 688 2321 uero
702 2266 763 2322 dico
785 2281 890 2333 eorunt,
904 2281 975 2336 quae
1024 2261 1097 2317 ldcrn
1115 2261 1142 2316 in
1160 2260 1273 2332 epistola
1300 2260 1333 2315 ad
1352 2258 1450 2314 Gaium
1474 2259 1662 2315 monachum
1687 2258 1814 2314 :taetre

180 2365 255 2421 stunt,
278 2371 400 2421 causam,
423 2371 506 2426 quam
532 2358 693 2415 naturaliter
719 2367 848 2430 appetunt
872 2360 973 2415 omnia.
1025 2354 1141 2426 quidem,
1158 2352 1245 2422 11111111
1259 2352 1292 2418 ¹¹,
1308 2351 1435 2405 ⁰l¹⁸⁶¹⁸r⁰0
1448 2360 1520 2405 ‘W
1532 2351 1564 2406 in
1577 2350 1697 2415 1111111118,
1717 2361 1740 2405 ⁶¹
1754 2351 1814 2420 Ι*

182 2444 299 2499 Proinde
319 2447 378 2515 ipso
399 2445 577 2502 irrationabili
600 2458 686 2516 motu,
701 2451 748 2520 qui
772 2451 855 2507 totins
872 2451 976 2508 maliet
1026 2449 1053 2502 in
1068 2447 1150 2500 malta
1164 2445 1273 2500 lumine.
1288 2443 1478 2515 irrorantiam
1496 2443 1649 2499 occultant
1663 2445 1813 2505 scientum

182 2535 302 2591 malitiae
319 2545 347 2591 et
360 2536 371 2567 ¹
385 2551 467 2593 causa
481 2546 510 2593 et
523 2538 661 2608 plenitudo
674 2549 725 2607 cst,
740 2540 869 2600 bonitatis
881 2544 976 2614 ampli-
1025 2539 1109 2608 inopis
1126 2536 1225 2591 mattae
1237 2536 1370 2591 scientiae.
1385 2533 1460 2589 Haec
1478 2535 1560 2590 enim
1569 2535 1597 2569 ¹¹
1609 2537 1813 2606 supere-istuc.

186 2627 278 2682 tudine
303 2628 509 2699 circumscripto
530 2631 692 2702 penitusque
713 2633 866 2699 terminato,
892 2635 977 2693 ratio·
1025 2631 1070 2687 secl
1086 2646 1137 2684 nan
1152 2628 1295 2685 secandam
1315 2627 1495 2698 privationem
1508 2628 1677 2697 accipiens,
1693 2625 1811 2697 mmela¹¹

184 2720 310 2775 nalriliter
331 2720 480 2776 secundum
504 2723 600 2779 insitas
624 2724 675 2779 sibi
702 2725 838 2782 naturales
862 2727 977 2783 uirtutes
1025 2739 1103 2794 super
1117 2738 1186 2786 vele·
1200 2721 1263 2791 titia
1283 2719 1488 2775 illel-ellim
1502 2720 1556 2789 <1¹1i
1569 2720 1682 2775 1111110111
1695 2720 1809 2787 tw

183 2813 301 2869 bantana
319 2822 416 2869 natura
438 2814 600 2883 movebitur,
624 2832 731 2874 sursunt
754 2832 849 2874 uersus
873 2828 975 2887 erecta,
1025 2811 1270 2877 hensibilclumen,
1291 2811 1416 2866 nescium
1429 2809 1501 2878 tl¹¹id
1527 2809 1569 2864 811
1581 2811 1663 2879 quod
1683 2809 1810 2870 babili·

183 2917 293 2958 causam
315 2918 391 2959 suam
410 2917 518 2975 semper
542 2915 687 2978 appetens,
708 2916 736 2964 ct
753 2907 780 2963 in
804 2910 974 2978 paradisum,
1026 2913 1115 2962 stante
1128 2903 1317 2972 Evangelista:
1337 2900 1372 2954 Et
1385 2901 1433 2955 tua
1444 2902 1475 2955 in
1492 2902 1620 2957 tenebris
1632 2901 1745 2967 taschet
1759 2910 1814 2952 trae·

184 2993 295 3049 delicias
309 2993 371 3050 dico
383 2993 524 3062 virtutum,
536 2983 604 3065 qu‘as
618 2996 778 3054 naturaliter
791 2997 842 3054 sibi
856 2989 976 3055 11811131
1027 2998 1089 3052 brae
1111 3013 1170 3051 cum
1194 3013 1246 3050 nan
1260 2992 1552 3065 comprehenderunt:
1575 2994 1695 3064 ideoque
1719 2991 1813 3046 demun

184 3084 322 3153 peccando
341 3084 507 3154 perdiderat,
523 3087 640 3156 rediens,
656 3102 800 3158 escamque
814 3088 879 3159 ligni
893 3089 974 3154 vitae,
1026 3088 1115 3142 lumen
1131 3087 1303 3143 tenebrarum
1316 3081 1457 3150 vocabulo,
1479 3085 1627 3154 quoniam
1640 3082 1816 3153 macomus

185 3174 233 3228 llei
254 3173 380 3229 uidelicet
393 3175 475 3231 Verbi
489 3178 756 3249 contemplationem,
768 3181 893 3235 ardenter
905 3178 976 3234 desi·
1028 3179 1166 3242 sihilccst,
1177 3177 1328 3241 uocitatum
1344 3172 1473 3230 similiter
1489 3183 1522 3230 et
1536 3176 1662 3247 gumtio
1672 3175 1746 3228 murts
1757 3184 1814 3224 ron·

184 3266 292 3330 necans,
322 3266 483 3337 divinaeque
508 3270 642 3343 imaginis,
665 3273 699 3328 ad
724 3288 805 3344 quarn
829 3271 900 3327 tacu
923 3280 977 3339 est,
1009 3327 1011 3330 ⁴
1031 3265 1307 3340 commendabilium
1326 3265 1454 3332 quatiam
1478 3264 1519 3317 ab
1536 3280 1575 3320 co
1595 3261 1814 3334 mentiturae

186 3355 345 3426 dignitatem
357 3356 478 3428 recipere
492 3356 633 3416 testinans.
656 3361 709 3417 Sed
728 3365 856 3432 quoniam
868 3364 891 3432 ¹,
906 3364 979 3435 quod
1030 3360 1176 3416 uebrarum
1188 3356 1297 3412 nomine
1308 3354 1434 3425 ircqucns
1446 3353 1626 3424 appellatur,
1637 3351 1815 3425 quictamus

187 3445 294 3514 quaerit
305 3452 333 3499 et
344 3446 456 3515 appetit,
468 3447 531 3501 dum
547 3457 620 3506 recte
635 3459 759 3506 movetur
769 3451 811 3506 rel
828 3468 880 3507 nou
894 3462 978 3520 recte,
1031 3450 1120 3506 lumen
1132 3457 1256 3504 etremm
1268 3442 1812 3503 sciendamtatet-sccsmtssrbanan

186 3531 321 3588 inlinitum
336 3544 388 3600 est,
404 3536 532 3608 oninique
543 3547 685 3594 creaturae
698 3541 979 3612 incomprehensibile,
1030 3541 1203 3612 iqrtorantia;
1219 3548 1244 3593 et
1265 3535 1442 3608 superpositae
1461 3536 1557 3605 ipsius
1578 3536 1705 3591 tenebrae
1723 3531 1815 3588 mults

187 3623 434 3693 necessarieque¹
458 3628 565 3698 semp'sr
584 3628 738 3697 quaeritur,
772 3643 803 3685 ac
816 3631 981 3703 pomos·
1032 3630 1064 3684 ab
1085 3629 1156 3683 omni
1177 3628 1289 3693 lumine,
1315 3635 1338 3682 et
1363 3625 1537 3681 abscondunt
1565 3643 1674 3681 marem
1698 3624 1814 3680 sarmu-

188 3725 295 3782 scmper
327 3722 450 3768 ntotctur
476 3732 484 3770 z
510 3730 617 3786 semper
647 3692 983 3791 quaeritsmirabilique
1032 3723 1067 3778 Et
1085 3724 1107 3776 si
1125 3723 1184 3793 quis
1197 3722 1285 3775 uidem
1302 3718 1441 3772 bominum
1457 3717 1600 3774 intellexit
1614 3719 1690 3790 quart
1701 3719 1815 3780 sibimet

190 3811 270 3874 pacto
286 3804 516 3876 ¹¹quodammodo
542 3809 656 3877 invenit,
678 3812 750 3881 quod
772 3812 879 3882 quaerit
899 3813 933 3880 ¹¹,
956 3822 984 3869 et
1032 3812 1319 3887 ipsamcontemptatas
1332 3818 1388 3876 est,
1401 3809 1447 3863 sed
1461 3809 1534 3879 quid
1553 3827 1654 3864 earum
1667 3810 1700 3864 ab
1718 3811 1765 3879 ipss
1777 3803 1816 3858 ni

192 3909 245 3949 non
261 3887 373 3964 inuenit,
387 3902 449 3968 quia
459 3898 646 3960 inuenircnon
659 3911 759 3973 potest.
773 3905 877 3959 lnuenit
892 3913 983 3960 autcm
1033 3908 1156 3962 atentiam
1171 3915 1196 3959 ct
1210 3904 1394 3974 coquinarum
1408 3901 1464 3970 ipse
1478 3911 1577 3956 autem
1593 3919 1680 3974 super
1693 3902 1815 3956 aus-rt

192 3999 241 4054 per
256 3985 443 4056 theopbanias,
458 4005 507 4061 per
519 4002 632 4049 naturae
647 4009 713 4050 uero
733 3995 840 4051 divinae
864 4011 912 4068 per
932 3997 985 4052 sei·
1034 4014 1113 4069 saper
1126 3996 1265 4053 essentiam
1278 3993 1438 4060 collocatas,
1456 3995 1662 4052 uniuersaliter
1680 4013 1731 4050 uon
1746 4006 1817 4062 meet·

192 4088 268 4144 psam
303 4080 558 4148 contemplationem
578 4101 631 4141 non
655 4086 768 4143 inuenit.
796 4088 984 4159 'theophanias
1035 4093 1127 4156 scitur,
1137 4105 1218 4161 neque
1228 4088 1339 4152 cicietur,
1348 4086 1392 4140 sed
1406 4094 1444 4139 est
1455 4087 1817 4156 superessentialiteretm

192 4174 282 4221 auteur
295 4167 356 4224 dico
377 4169 523 4228 visibilium
538 4184 566 4230 et
584 4176 760 4234 invisibilium
780 4182 893 4250 specics,
916 4196 984 4251 qua·
1036 4182 1153 4238 animum
1168 4179 1343 4251 connascitur.
1361 4175 1394 4229 Et
1410 4177 1466 4245 ipsa
1481 4178 1645 4233 secuudum
1667 4179 1733 4250 quad
1749 4172 1817 4228 uellus

192 4265 252 4313 rum
263 4259 358 4316 ordine
369 4262 604 4332 etpulchritudine
615 4270 867 4340 cognosciturllcus
878 4286 939 4328 esse
950 4272 984 4339 ¹¹,
1037 4281 1074 4328 cst
1097 4270 1287 4342 perfectissima
1311 4267 1471 4338 ienarantia,
1485 4268 1611 4324 scientia
1635 4279 1676 4324 est
1692 4269 1819 4337 cistrensi

192 4349 435 4409 etinveniturnon
449 4354 581 4425 quidest,
595 4357 642 4415 sed
658 4360 721 4430 quia
742 4361 912 4419 solummodo
931 4370 983 4430 est,
1038 4365 1126 4419 amnia
1145 4364 1260 4434 capuita.
1280 4360 1374 4430 Neque
1392 4360 1443 4414 hoc
1462 4359 1646 4432 evangelista
1664 4352 1818 4432 praetermitti

192 4443 319 4510 quoniam
332 4443 447 4513 ipsallei
461 4456 557 4504 natura
573 4465 623 4508 nec
636 4452 734 4509 dicitur
745 4469 796 4510 nec
809 4454 982 4525 intelligitur;
1039 4455 1132 4512 dicens
1145 4473 1152 4509 :
1167 4454 1252 4509 licum
1267 4470 1341 4508 nemo
1356 4452 1419 4507 uidit
1434 4468 1569 4521 unquam.
1586 4454 1628 4510 Et
1641 4463 1673 4511 ut
1684 4449 1818 4509 sitbtrbtl

193 4544 303 4605 superat
324 4551 442 4609 uariaque
461 4553 568 4597 omnem
585 4543 749 4600 intellectum
771 4546 818 4600 lux
839 4547 1115 4624 inaccessi-psius:
1142 4543 1215 4601 Sicut
1234 4561 1368 4616 nunquam
1396 4542 1505 4597 risibilis
1537 4545 1617 4614 (ait,
1648 4548 1686 4602 its
1712 4555 1817 4611 munt·

196 4622 268 4678 bilis.
289 4623 322 4678 Et
346 4625 399 4682 hoc
421 4630 552 4699 estquod
575 4630 720 4689 Psalurista
742 4634 808 4690 dicit
828 4651 836 4689 ι
861 4634 985 4701 Quaerite
1036 4638 1144 4696 risibilis
1157 4639 1216 4693 erit.
1229 4637 1262 4691 Et
1275 4637 1345 4706 quod
1357 4633 1382 4668 ¹¹
1393 4635 1449 4705 ipsa
1462 4634 1577 4691 Veritas
1590 4639 1667 4694 dicit
1679 4656 1685 4694 :
1697 4636 1768 4692 ursa
1780 4646 1819 4683 se

194 4711 986 4798 Dominametconfimatuini;quueritefaciemep'usseutper.
1038 4731 1072 4786 eir
1087 4728 1195 4784 Patrem
1208 4729 1259 4783 nisi
1271 4725 1375 4792 Filius,
1392 4740 1474 4795 neque
1487 4721 1599 4781 Filium
1614 4729 1673 4784 „iri
1684 4725 1762 4782 Puer.
1774 4719 1817 4774 sm

195 4800 230 4856 Et
254 4802 321 4860 baec
344 4814 387 4862 est
402 4809 550 4878 spiritualis
573 4813 686 4883 illaria,
707 4831 777 4887 quae
800 4817 828 4874 in
851 4819 987 4874 inlinitum
1041 4831 1132 4877 utrum
1148 4819 1195 4874 ilci
1211 4818 1293 4874 Verbi
1309 4816 1476 4881 humanitas,
1491 4813 1568 4871 sicut
1584 4826 1617 4873 et
1632 4819 1695 4890 eius
1707 4813 1817 4874 dirutus.

198 4894 293 4961 11111111,
309 4912 391 4967 quam
403 4915 487 4970 purae
507 4904 698 4979 perfectaeque
709 4911 818 4966 animae
831 4911 989 4982 ingrediun·
1042 4909 1327 4983 incomprehensibilis
1341 4916 1383 4964 est
1395 4907 1470 4962 omni
1488 4917 1665 4978 creaturae,
1684 4915 1817 4973 orttuetttt¹

199 4992 253 5050 tur,
270 4986 353 5042 [lcum
376 5004 454 5045 suum
474 5006 645 5062 quaerentes.
663 5000 732 5056 Nam
751 5011 779 5057 et
798 5002 913 5058 uirtutes
927 5017 992 5057 cac·
1042 5013 1153 5075 superat
1177 5002 1359 5067 intellectum,
1383 5007 1528 5070 postquam
1556 5001 1586 5054 in
1611 5003 1742 5060 deitatem
1759 4991 1818 5053 uerti

199 5070 282 5131 lesles
295 5075 378 5180 licum
394 5092 472 5134 suum
489 5096 594 5154 semper
614 5097 757 5156 quaerunt,
777 5090 902 5160 laquem
919 5105 992 5147 sem·
1043 5103 1181 5166 assumpta
1205 5102 1262 5158 cst,
1287 5107 1393 5163 utraque
1417 5106 1479 5148 cum
1506 5091 1569 5162 ipsa
1597 5094 1753 5151 subeuntia
1768 5090 1819 5144 [111

199 5177 249 5238 W
276 5173 659 5247 lf⁰sl¹oe1⁰0⁰ncttpiscuut
686 5177 745 5249 lpse
771 5188 814 5238 est
836 5181 934 5253 caligo,
958 5185 991 5240 tle
1044 5185 1147 5256 absque
1164 5184 1218 5241 ulla
1237 5182 1397 5239 contusione
1415 5182 1565 5253 utriusque
1584 5194 1708 5243 naturae
1738 5179 1820 5238 dunt

843 5316 972 5378 usuras
990 5292 1191 5381 uberrumos.

240 5444 397 5509 ¹llveluti
416 5453 451 5508 ml
474 5453 565 5511 baem.
603 5455 659 5512 ¹h
689 5456 829 5512 subsistere
851 5456 1015 5529 intellipitar.
1055 5457 1272 5513 ¹elliomiuum.
1309 5454 1390 5512 ‘ci'
1416 5455 1579 5528 impeeditus.
1630 5468 1694 5516 ⁸et
1712 5475 1763 5517 orn.
1784 5453 1821 5512 CF·

201 5530 392 5586 ‘Ainsertnn
429 5525 580 5597 ¹quoniam
597 5541 652 5583 om.
669 5526 702 5582 h.
740 5526 926 5593 *stasmi
944 5529 1100 5583 necessaria.
1137 5528 1237 5583 ’Aac
1254 5543 1354 5597 semper
1374 5537 1490 5582 mouetur
1505 5545 1553 5599 per
1575 5529 1626 5585 brac
1646 5534 1719 5603 qstcd
1733 5529 1821 5597 queret

206 5601 227 5632 ¹¹
244 5599 290 5655 Sic
309 5600 350 5656 ci
363 5596 595 5670 ,Amirabilique
611 5598 698 5653 moda.
739 5599 760 5632 ¹¹
779 5598 1007 5668 llquodammoda
1027 5599 1096 5670 qaod
1116 5600 1215 5670 qaaerit
1234 5598 1341 5652 inuenit.
1379 5598 1436 5652 ¹¹A
1453 5597 1537 5653 Deum
1555 5616 1628 5657 esse.
1671 5602 1737 5656 ¹¹0A
1757 5603 1823 5653 lm

204 5668 391 5724 inaccessibile.
431 5667 489 5721 1111
506 5669 762 5738 etcumquidemsit
776 5668 923 5724 inuisibilis.
961 5668 983 5705 ¹¹
998 5667 1021 5723 A
1036 5679 1059 5724 ct
1075 5667 1265 5723 inaccessibiles
1279 5669 1612 5739 proptereartbcrautr'am.
1666 5669 1823 5741 11114ιύ

209 5736 494 5809 ‘'hirquitqaicem.
534 5737 555 5772 11
571 5739 705 5796 enimam.
720 5739 773 5796 cti.
818 5740 839 5772 ¹¹
854 5739 899 5795 Sic
912 5736 1142 5805 CF3Asttttntt‘a.
1179 5736 1203 5771 11
1218 5725 1261 5795 CF
1274 5738 1347 5809 quid.
