3984 6534
167 418 218 477 ear
850 402 991 462 roauurs
1011 404 1110 462 soon
1351 369 1357 376 ’
1763 399 1805 455 stu

169 531 236 595 sint,
260 525 400 598 prelisque
420 523 615 595 procreandae,
644 538 698 578 non
720 520 841 578 lihidinis
865 537 961 594 perpe·
975 528 1001 590 Α
1013 540 1066 579 uon
1080 524 1265 594 praecederet.
1281 522 1413 595 Superbia
1427 521 1525 591 itaque
1537 516 1643 581 animi,
1656 516 1808 587 carnalisque

169 617 285 676 traudae
313 616 433 685 appetitu
459 613 601 682 copulata,
631 613 772 683 utriusque
804 628 885 669 sexus
913 613 965 670 lide
1016 632 1112 673 sensus
1141 617 1233 672 illicita
1256 615 1413 679 delectatio,
1440 613 1495 669 sihi
1522 610 1652 667 invicem
1675 608 1807 679 copulatae,

160 716 303 778 ,castaque
319 705 449 775 pudicitia
473 711 580 759 serrata
597 705 604 735 ¹
623 723 629 758 :
647 705 701 759 imo
718 704 799 760 etiam
814 704 964 770 laudamuS,
1015 715 1140 761 naturam
1160 707 1306 761 humanam
1321 704 1417 760 mortis
1433 700 1618 759 damnationi
1632 699 1806 756 tradiderunt:

171 800 236 870 quia
249 805 278 854 et
290 813 305 852 a
318 797 374 852 lieo
388 812 518 853 concessa
534 807 597 853 sunt
614 808 642 853 et
653 799 745 869 iussa3
762 800 869 856 crescite
881 801 963 867 enim,
1015 800 1048 855 de
1063 814 1115 869 qua
1130 800 1186 855 sola
1198 798 1299 855 Christi
1310 797 1461 861 humilitas,
1482 802 1514 850 ct
1529 793 1724 865 spiritualium
1734 809 1805 849 mun

171 886 821 960 inquit,cturnitiplicumini,stimplcteterrom.
846 889 965 961 Uterque
1015 890 1042 944 iu
1063 890 1206 945 animabus
1229 889 1347 944 fidelium
1373 885 1545 949 dclcctatio,
1574 883 1699 938 carrdetn
1721 892 1806 939 terren

110 1019 116 1023 .
164 978 279 1050 ‘quoque
291 993 382 1045 sextas,
397 979 457 1036 siue
471 995 525 1051 quo
536 982 645 1038 carnale
660 981 822 1039 connubium
835 983 892 1040 lieri
911 999 965 1039 non
1015 981 1165 1052 liberatque
1179 990 1316 1035 naturam.
1343 979 1400 1033 h'on
1418 978 1509 1031 habes
1537 976 1653 1045 itaque.
1679 973 1803 1042 mulier,in

170 1076 271 1140 potest,
295 1069 396 1140 quoda
412 1071 466 1125 lieo
487 1069 575 1126 lactus
597 1072 642 1138 sit,
667 1071 757 1128 nullus
770 1072 965 1129 catholicorum
1015 1075 1079 1144 quid
1103 1077 1114 1108 ¹
1129 1072 1170 1127 rel
1184 1073 1211 1128 iu
1227 1087 1307 1144 quern
1321 1071 1426 1142 culpam
1445 1080 1528 1125 tuam
1542 1084 1714 1135 removeas,
1731 1069 1771 1123 nisi
1783 1070 1802 1123 ia

172 1161 297 1233 ambigit.
311 1161 357 1216 hit
374 1161 446 1217 enim
464 1161 623 1234 Scriptura:
639 1164 787 1220 Merentem
803 1166 965 1236 ctscminonr
1015 1163 1149 1233 teipsam,
1170 1163 1233 1217 dum
1254 1161 1363 1217 illicitae
1381 1159 1586 1215 delectationis
1605 1167 1684 1222 tuae,
1701 1160 1725 1213 in
1741 1175 1803 1228 qen

172 1251 233 1321 [ecit
258 1268 312 1306 eos.
335 1250 401 1306 item
419 1252 483 1307 alibi
503 1270 509 1307 :
531 1253 608 1319 Quod
622 1254 692 1310 Dens
720 1256 866 1326 conjunxit,
889 1257 966 1311 homo
1016 1252 1121 1322 culpam
1145 1251 1168 1282 ¹¹
1184 1251 1290 1306 conaris
1311 1264 1449 1304 remouere
1475 1249 1513 1314 ¹¹,
1539 1248 1718 1303 convinceris
1727 1259 1804 1302 auctor

164 1344 225 1398 'cren
248 1345 259 1376 ¹
275 1352 386 1413 separet.
402 1342 527 1399 Cantalia
547 1361 612 1402 uero
626 1345 760 1418 conjugia,
781 1348 831 1403 etsi
847 1347 966 1418 legitima
1016 1360 1086 1401 esse.
1102 1343 1152 1399 Ubi
1175 1343 1288 1414 pulchre
1301 1343 1454 1397 diuinorum
1467 1343 1637 1397 verborum
1656 1348 1741 1396 textnn
1751 1341 1801 1394 uri·

171 1434 228 1487 siut
255 1440 284 1487 et
303 1431 436 1503 religiosis
456 1433 641 1501 “bominibus
657 1436 810 1506 conjuncta,
826 1437 967 1494 libidinoso
1017 1436 1187 1490 madverterc
1207 1433 1347 1489 debemus.
1362 1434 1399 1488 lia
1412 1433 1575 1504 siquidem,
1590 1432 1797 1502 quaesinullacta

171 1531 263 1578 ticinen
285 1523 296 1553 ’
319 1522 466 1594 illicitoque
489 1533 564 1581 motu
585 1528 702 1583 carnalis
725 1528 846 1597 pruritus
873 1543 967 1583 carere
1017 1534 1089 1589 sunt,
1117 1525 1220 1594 absque
1239 1524 1427 1595 temporalium
1450 1522 1640 1579 morularum
1664 1523 1801 1584 interstitii,

172 1628 227 1668 uon
261 1626 340 1684 posse
373 1614 562 1670 incunctanter
596 1613 772 1674 affirmamus.
805 1616 862 1673 Non
893 1618 965 1671 enim
1017 1626 1128 1687 propter
1157 1622 1278 1670 nestram
1313 1614 1468 1669 tarditatem
1501 1614 1697 1684 carnalesque
1722 1629 1801 1675 senne,

173 1702 281 1758 aliunde
291 1711 433 1759 nascentes
442 1704 469 1758 in
478 1719 560 1760 carne
570 1705 685 1777 parvuli,
694 1708 745 1762 nisi
758 1709 830 1773 inde,
840 1716 967 1764 aeternae
1017 1707 1115 1778 quibus
1129 1707 1251 1778 originali
1267 1716 1377 1776 peccato
1389 1707 1515 1778 corrupti
1530 1708 1554 1738 ¹¹
1567 1705 1644 1762 locis
1655 1706 1802 1776 teramnens-

172 1792 269 1848 mortis
284 1800 388 1849 reatum
404 1795 545 1851 attrahunt
556 1809 581 1865 ⁰,
603 1811 671 1868 quos
684 1798 771 1854 solum
795 1799 806 1832 ¹
819 1799 968 1858 catholicae
1017 1811 1071 1866 que
1082 1796 1103 1828 ”
1114 1797 1323 1860 succumbimus,
1336 1798 1431 1852 ordine
1443 1798 1572 1866 quodam
1595 1796 1802 1866 mirabiliupsi·

172 1881 312 1939 Ecclesiae
327 1884 461 1954 baptisma
480 1886 514 1941 ab
528 1886 586 1958 ipso
602 1900 678 1943 reatu
690 1889 797 1945 liberat.
812 1889 967 1946 hsserirnus
983 1878 1006 1939 B
1020 1902 1113 1943 corum
1127 1900 1257 1943 sensuum
1270 1887 1439 1957 plenissimo,
1455 1887 1549 1943 veluti
1561 1888 1639 1945 locis
1652 1887 1800 1958 numnius

172 1989 289 2045 equoque,
305 1975 415 2044 copulas
430 1976 490 2032 illas
502 1977 634 2045 carnales,
650 1963 749 2050 quibus
764 1980 881 2035 humana
897 1981 968 2037 loca·
1019 1991 1071 2048 que
1083 1984 1193 2049 peracta
1208 1978 1359 2033 contexuit.
1375 1977 1468 2034 Primo
1483 1979 1587 2049 itaque
1611 1979 1802 2048 interrogatur¹¹

171 2061 237 2119 liter
248 2072 276 2119 et
292 2066 477 2136 temporaliter
490 2076 588 2123 natura
609 2077 782 2143 propagatur,
799 2085 853 2127 non
871 2086 966 2127 neees-
1017 2069 1071 2135 sir,
1090 2068 1193 2123 hocest
1205 2067 1321 2122 animus.
1338 2065 1393 2122 Nec
1406 2067 1562 2135 immerito,
1580 2069 1652 2124 dum
1667 2069 1737 2125 omni
1748 2084 1801 2139 para

173 2155 261 2210 sarias
274 2154 341 2223 iore,
351 2157 373 2212 si
381 2157 462 2213 homo
473 2173 537 2214 suae
547 2167 661 2216 naturae
671 2160 920 2232 multiplicationem
933 2162 966 2219 ad
1017 2159 1076 2215 diso
1092 2159 1227 2214 humanae
1242 2165 1356 2213 naturae
1369 2158 1483 2227 praesit,
1494 2173 1625 2235 eumque
1638 2160 1801 2223 custodirem

172 2246 376 2306 siruilitudiuem
398 2265 527 2320 pecorum
548 2251 619 2319 steri,
637 2251 793 2308 caelestium
814 2252 966 2307 nunterosi·
1017 2255 1044 2308 in
1059 2268 1092 2308 eo
1106 2252 1227 2308 divinum
1240 2260 1414 2324 pracceptum
1436 2251 1459 2284 ¹¹
1479 2252 1656 2316 violaretur,
1675 2252 1801 2309 debuitlr

172 2347 229 2393 tate
249 2341 368 2407 deserta,
383 2357 436 2397 nou
461 2343 582 2412 eligeret.
606 2342 683 2399 Sicut
702 2345 740 2399 alt
752 2342 835 2399 David
855 2357 862 2397 τ
879 2343 965 2399 llomo
1017 2342 1057 2400 sic
1073 2342 1273 2413 interrogatur:
1288 2343 1385 2409 hdam,
1404 2343 1449 2397 ubi
1464 2343 1521 2399 es?
1544 2344 1590 2399 Ac
1617 2345 1644 2399 si
1667 2344 1800 2400 diremit:
1841 2400 1843 2409 ,

174 2445 233 2483 curn
248 2432 276 2485 in
293 2432 391 2486 honore
407 2441 482 2497 creet,
499 2449 551 2487 non
570 2432 716 2499 intellexit,
740 2443 904 2505 comparatae
928 2444 965 2489 eet

171 2518 298 2587 innitentis
313 2522 504 2592 insipientibus,
524 2532 548 2577 et
561 2523 655 2577 eioriiie
672 2525 757 2595 {octus
770 2533 808 2578 cet
832 2523 895 2580 illie.
912 2524 965 2581 Setl

175 2613 319 2669 redeamus
330 2615 365 2669 ad
376 2629 535 2686 responsum
554 2615 684 2682 mulieris,
698 2617 791 2686 culpae
805 2632 870 2674 suae
883 2633 965 2674 occa·

175 2708 279 2764 sionem
303 2708 331 2764 in
350 2718 516 2779 serpentem
536 2709 710 2766 removentis.
739 2709 812 2765 Dicit
839 2710 965 2768 Dominus

175 2801 247 2857 Dens
260 2802 295 2856 eti
309 2801 443 2858 mulierem
455 2816 464 2855 .·
480 2800 569 2869 Quare
580 2803 628 2857 hoc
641 2803 749 2872 fecisti?
764 2803 838 2870 Quae
859 2819 965 2874 respon·

147 2935 150 2941 .
174 2893 213 2948 dit
231 2909 241 2949 .·
261 2891 373 2964 Serpens
390 2892 487 2966 decepit
507 2911 561 2961 mc,
581 2902 605 2949 et
626 2894 735 2950 comedi.
758 2893 792 2950 lit
808 2902 836 2951 tu
856 2895 964 2961 mulier,

174 2999 259 3054 quare
281 2998 404 3040 remores
425 2984 528 3041 criruen
551 2993 625 3040 tuum
650 2985 678 3040 iu
701 2991 874 3057 serpentem,
903 3000 964 3041 curn

176 3078 273 3147 tuipsa
295 3078 333 3134 sis
346 3087 408 3134 tuac
421 3077 515 3149 culpae
529 3078 540 3110 ’
561 3077 700 3134 creatrix?
718 3076 835 3148 Serpens
849 3077 916 3150 ipse,
937 3077 965 3131 in

1017 2433 1113 2500 Adam,
1130 2434 1188 2504 qui,
1203 2434 1359 2505 priusquam
1374 2448 1539 2502 peccasses,
1564 2434 1644 2490 ultra
1667 2433 1800 2491 omnialoa

1016 2534 1045 2582 et
1058 2535 1180 2597 tempora
1198 2525 1360 2582 constitutus
1374 2524 1468 2590 lucris,
1483 2527 1632 2595 responde
1653 2541 1732 2591 nunc,
1744 2538 1801 2597 prae·
1841 2510 1843 2533 '

1017 2620 1163 2686 varicator,
1177 2619 1222 2674 uhi
1233 2620 1281 2675 esi
1295 2619 1362 2674 liras
1375 2617 1502 2682 incaelo,
1520 2617 1600 2674 sicut
1615 2619 1735 2690 angelice
1745 2633 1801 2672 cret-

1018 2719 1089 2776 tura,
1103 2710 1214 2776 heatus,
1237 2725 1309 2765 rrunc
1323 2710 1350 2764 iu
1365 2709 1447 2764 terris
1460 2722 1512 2774 es,
1533 2708 1612 2765 sicut
1625 2710 1707 2765 bruta
1721 2709 1799 2764 auina-

1017 2800 1064 2866 lia,
1079 2798 1222 2870 superbus.
1242 2797 1339 2854 Sermo
1360 2798 1538 2853 convertitur>
1557 2799 1596 2853 ad
1620 2801 1798 2866 rnulicrcra,et

1017 2890 1051 2945 ab
1075 2904 1106 2945 ea
1124 2889 1275 2960 quaeritur,
1300 2904 1349 2944 cur
1373 2887 1413 2943 sic
1437 2885 1557 2943 iecerit?
1583 2886 1641 2944 Ubi
1666 2888 1797 2947 raotandtn.

1017 2980 1090 3051 quod
1102 2994 1155 3035 non
1175 2978 1319 3035 coulcstim
1332 2979 1391 3033 uiro
1408 2986 1436 3033 ct
1451 2976 1564 3034 mulieri
1582 2977 1799 3046 sententiamque

1017 3076 1102 3132 rentis
1111 3073 1211 3144 judicis
1225 3071 1372 3145 proicrtur,
1384 3071 1431 3127 sed
1444 3071 1531 3128 selani
1544 3074 1669 3143 spatium
1686 3068 1800 3142 improbae

175 3181 256 3236 quem
271 3166 376 3236 culpam
388 3169 518 3236 relandis,
533 3169 560 3225 in
571 3177 597 3225 te
608 3170 665 3241 ipsa
681 3169 770 3240 repit:
782 3176 965 3237 serpenstuus
1016 3166 1200 3224 excusationis
1225 3165 1401 3236 corrigendae
1425 3165 1609 3233 conceditur,
1634 3165 1747 3234 locusque
1763 3162 1798 3214 in·

176 3264 222 3311 tua
247 3255 363 3311 carnalis
386 3260 604 3328 concupiscentia
633 3267 675 3314 est
707 3267 788 3330 atque
811 3257 963 3326 delectatio,
979 3236 1002 3301 G
1018 3257 1170 3329 clulgeutiae
1194 3263 1380 3326 praeparatur.
1410 3255 1558 3312 Postremo
1587 3270 1666 3324 vero,
1691 3252 1746 3310 dum
1767 3251 1797 3304 ad

175 3361 246 3417 quae
260 3361 293 3401 ex
307 3346 502 3403 irrationabilis
515 3348 623 3403 animae
641 3358 715 3404 motu
728 3349 756 3404 in
772 3364 853 3405 seusu
870 3365 965 3421 corpo·
1017 3356 1174 3422 serpentem
1199 3346 1367 3417 peruenitur,
1392 3362 1445 3401 non
1471 3343 1521 3403 ille
1546 3348 1735 3419 interrogatur,
1757 3357 1799 3397 nec

174 3436 361 3509 reogignitur.
376 3435 487 3492 Frustra
510 3436 592 3509 igitur
604 3437 711 3503 mulier,
727 3453 823 3494 sensus
840 3438 966 3495 uidelicet
1017 3440 1042 3497 ei
1056 3437 1172 3509 spatium
1189 3436 1346 3493 remotionis
1368 3434 1463 3506 culpae
1482 3436 1513 3491 in
1526 3436 1606 3494 aliud
1617 3437 1662 3494 rel
1675 3437 1773 3507 aliquem
1784 3433 1798 3461 ¹⁷

176 3525 306 3592 carnalis,
321 3526 427 3597 culpam
440 3541 517 3582 suam
531 3526 561 3582 in
579 3535 744 3598 serpentem,
760 3527 811 3583 boc
823 3529 902 3582 estin
916 3528 965 3584 de·
1017 3530 1174 3602 praebetur,
1192 3527 1256 3598 quia
1280 3541 1333 3582 non
1358 3526 1455 3597 potuit,
1481 3527 1622 3596 quoniam
1645 3523 1800 3598 primordidis

175 3617 347 3674 tertationem
371 3617 600 3685 irrationabilem,
622 3616 700 3688 cujus
726 3616 783 3689 ipsa
797 3624 891 3672 auctor
913 3628 965 3686 est,
1018 3633 1101 3673 causa
1115 3618 1197 3673 totius
1216 3614 1336 3671 malitiae
1352 3614 1419 3680 luit;
1436 3616 1483 3671 sed
1508 3618 1650 3674 continuo
1665 3617 1800 3674 semeae

177 3706 383 3765 removendae
401 3708 475 3765 enim
495 3706 677 3765 materialium
698 3723 789 3765 rerum
807 3707 900 3763 illicita
918 3709 966 3764 de·
1015 3705 1082 3777 justi
1106 3706 1207 3777 judicis
1234 3704 1373 3761 sustinuit.
1407 3704 1454 3759 llit
1485 3705 1565 3761 enim
1596 3706 1674 3762 Deus
1704 3707 1735 3762 ad
1756 3718 1800 3759 ser·

176 3797 285 3856 lectatio
307 3806 398 3854 ortum
412 3798 541 3855 derives
555 3808 665 3862 natura,
689 3798 736 3855 sed
757 3814 790 3855 ex
807 3799 967 3870 peccatricis
1019 3805 1157 3871 pcrnem:
1189 3795 1259 3861 Quin
1291 3795 1376 3866 iecisti
1408 3795 1476 3861 troc,
1510 3795 1678 3851 ninledictns
1706 3813 1731 3851 es
1753 3796 1800 3846 iuer

177 3893 285 3949 animae
301 3891 470 3963 imperfectis
481 3892 765 3963 irrationabilibusque
779 3891 907 3958 motibus,
919 3907 967 3963 per
1020 3890 1108 3946 onirrio
1147 3887 1312 3953 animantia,
1352 3897 1376 3942 et
1411 3875 1507 3941 bestias
1547 3896 1651 3944 terrae.
1696 3884 1800 3944 hniuad

177 3997 322 4053 corporeos
333 3998 428 4039 sensus
440 3984 468 4039 in
478 3998 598 4040 amorem
611 3983 777 4040 sensibilium
788 3997 878 4038 rerum
893 3997 967 4038 mor·
1019 3990 1107 4049 uerte,
1122 3983 1194 4053 quod
1207 3981 1374 4052 nequeriro,
1387 3994 1475 4050 neque
1490 3979 1618 4048 mulieri,
1634 3981 1684 4039 sed
1697 3981 1749 4037 solo
1759 3992 1800 4034 ser·

179 4073 257 4128 tilero
280 4072 398 4143 appetitu
422 4073 603 4142 irrumpentis.
627 4071 720 4144 Neque
741 4073 867 4142 antiquus
883 4072 969 4128 hostis
1020 4075 1094 4148 penti
1107 4073 1287 4129 maledicitur.
1303 4069 1361 4127 Non
1373 4072 1444 4127 euim
1458 4071 1533 4127 licus
1545 4073 1694 4130 maledicit
1705 4084 1801 4141 eaquae

178 4162 315 4218 advirum
342 4162 458 4228 animae,
480 4161 600 4216 animum
620 4161 681 4218 dico
701 4160 735 4216 ad
755 4162 899 4234 imaginem
920 4162 967 4220 Dei

178 4253 291 4321 lactum,
306 4268 446 4313 accessum
459 4254 584 4321 haberet,
603 4252 679 4308 nisi¹
704 4253 779 4326 prius
793 4268 842 4323 per
859 4253 968 4309 insitam

180 4361 310 4420 corporeo
334 4346 442 4412 sensui,
465 4346 511 4419 qui
536 4353 580 4401 est
601 4345 683 4403 veluti
703 4344 834 4416 quaedam
859 4345 968 4411 rrrulier,

1020 4163 1094 4230 lecit,
1110 4163 1158 4219 sed
1173 4161 1326 4228 benedicit;
1348 4163 1454 4216 animus
1474 4171 1570 4217 autem
1591 4172 1622 4218 et
1645 4175 1801 4220 sensuscree

1021 4260 1081 4312 tura
1096 4253 1144 4310 Dei
1166 4260 1237 4309 suut.
1253 4251 1377 4308 Carnalis
1398 4266 1464 4306 uero
1483 4252 1640 4310 delectatio
1661 4265 1735 4312 entra
1751 4251 1800 4307 diri·

1021 4361 1085 4403 uam
1099 4345 1293 4409 conditionem,
1309 4326 1545 4399 irrationabilibus
1565 4346 1708 4403 humanae
1721 4344 1801 4401 atinae

178 4439 262 4495 animi
278 4439 495 4506 delectationem,
511 4437 588 4508 quasi
611 4450 660 4508 per
678 4437 812 4506 quendam
829 4436 969 4494 colubrum
1021 4439 1193 4512 passionibus
1205 4444 1265 4493 orta
1280 4444 1330 4500 cst,
1348 4436 1461 4506 ideoque
1474 4435 1590 4493 diuinae
1605 4441 1753 4496 sentcntiae
1770 4451 1800 4489 se

97 4589 99 4593 .
178 4531 267 4604 ipsum
281 4547 440 4605 corporeum
451 4546 560 4589 sensum
570 4529 713 4588 seduceret
726 4549 732 4586 :
744 4528 971 4601 quemadmodum
1022 4529 1132 4587 ueritati
1146 4529 1310 4596 succumbit,
1328 4529 1391 4601 quia
1404 4535 1481 4583 extra
1500 4538 1624 4588 naturae
1640 4532 1724 4589 alico
1736 4530 1800 4585 laeua

179 4639 269 4693 neque
284 4625 390 4678 animus
405 4623 432 4678 in
443 4636 534 4679 rerum
550 4622 733 4677 materialium
751 4620 901 4692 perniciosa
920 4618 968 4674 de·
981 4610 1009 4672 D
1022 4623 1177 4695 superuenit
1189 4623 1221 4676 ¹¹.
1235 4620 1304 4689 Quid
1317 4621 1387 4677 enim
1402 4618 1474 4675 aliud
1494 4629 1538 4676 est
1551 4623 1648 4679 diuina
1663 4620 1799 4679 maledictio.

179 4713 325 4768 lectationc
344 4722 372 4769 et
384 4714 544 4786 perabusiva
567 4713 578 4748 ’
592 4713 720 4770 fruitione
733 4726 864 4783 corporeo
877 4709 969 4768 seuam
1023 4715 1077 4772 nisi
1090 4728 1196 4781 eorum,
1210 4715 1257 4784 qui
1272 4722 1348 4768 extra
1364 4720 1489 4766 araturam
1510 4722 1588 4778 sunt,
1602 4722 1718 4786 eamque
1728 4718 1800 4768 corb

180 4803 361 4870 consentiret,
384 4805 408 4859 si
429 4804 505 4876 prius
528 4805 556 4862 in
579 4806 637 4878 ipso
657 4804 772 4880 superba
788 4804 971 4877 praesumptio
1025 4806 1141 4872 minant,
1162 4802 1312 4875 justissima
1327 4812 1354 4861 et
1372 4802 1565 4861 irrevocabilis
1578 4798 1801 4867 damnantque

818 4983 942 5043 veelle
960 4981 1160 5041 lectiones.

217 5116 362 5186 ¹SicCl¹3
383 5117 406 5172 h
426 5117 544 5172 urentis.
583 5117 731 5185 ¹SicCll3
753 5121 776 5175 lt
796 5135 837 5175 ne.
875 5119 1018 5189 'sicem
1037 5122 1060 5176 Α
1078 5131 1105 5178 et
1129 5122 1157 5176 in
1180 5120 1323 5191 religiosis.
1360 5118 1541 5175 ¹tonnerrom.
1562 5121 1620 5179 CF.
1660 5121 1798 5178 'hem

180 5191 257 5247 ¹Sic
277 5187 574 5256 CF3Acnlpuctnee.
619 5188 727 5245 'lini
764 5189 916 5256 'sicem
938 5192 1045 5246 ainrico
1069 5207 1124 5247 om.
1151 5192 1184 5246 h.
1226 5190 1355 5262 ¹inquid
1372 5205 1426 5246 om.
1443 5189 1496 5245 CF.
1535 5191 1560 5224 ¹¹
1580 5193 1628 5248 Sic
1649 5189 1798 5258 cheat·

180 5270 339 5334 pranttnom.
377 5262 397 5294 ¹¹
419 5257 464 5314 Sic
476 5256 716 5320 CF;hremoncre
733 5262 846 5316 coneric.
886 5262 1089 5331 ¹¹hcorrepto.
1129 5259 1151 5293 ¹¹
1170 5262 1227 5316 het
1243 5259 1409 5330 temporibus.
1450 5260 1471 5290 ¹¹
1489 5260 1512 5314 tt
1530 5260 1719 5367 interroqotes.
1752 5259 1798 5310 ¹¹l

180 5331 484 5405 pracceptnmdiuinnm.
523 5329 546 5365 ¹⁸
565 5329 765 5386 Adontnbiee?
783 5331 1083 5389 Accidiceretom.tl.
1135 5331 1156 5364 ¹¹
1180 5333 1208 5387 in
1220 5331 1294 5386 eliud
1307 5328 1345 5386 cci
1360 5329 1473 5402 aliquem
1486 5345 1542 5386 ont.
1558 5333 1593 5388 b.
1646 5328 1798 5393 ‘Sicffii

180 5411 258 5460 extra
271 5413 430 5474 netnroma
452 5400 588 5471 Deosocto
610 5401 745 5472 reperirer.
824 5470 833 5477 .,

945 5536 1070 5598 noles.

219 5668 233 5698 ⁸
251 5656 400 5716 Pessimam
413 5657 438 5714 l.
453 5656 527 5714 Scoti
541 5656 575 5713 de
588 5663 661 5712 statu
681 5656 923 5728 primoparentum,
938 5654 972 5711 de
1016 5653 1134 5713 decedit
1146 5652 1396 5724 sacraeScriptnrac
1410 5660 1503 5724 aperta
1529 5652 1681 5712 luditicatio
1701 5664 1728 5711 et
1748 5652 1797 5709 eea

184 5739 251 5782 sexu
270 5728 382 5797 duplici,
398 5738 425 5784 et
452 5728 486 5784 dc
513 5727 686 5794 generatione
705 5725 871 5791 doctrinam,
892 5741 972 5795 quam
996 5767 1000 5775 .
1023 5725 1126 5794 peccati
1152 5725 1290 5795 originalis
1313 5725 1508 5794 interpretatio.
1533 5724 1576 5780 Ci.
1606 5722 1799 5783 Commentis

184 5795 228 5853 his
242 5794 317 5853 libris
330 5800 438 5855 uberius
453 5797 585 5870 explicat,
600 5798 745 5858 identidem
760 5797 973 5867 percensuimus.
1026 5794 1052 5850 l.
1068 5794 1148 5851 Scow
1163 5794 1193 5849 Ρ.
1208 5794 1230 5849 ΙΙ
1243 5793 1257 5865 i
1271 5794 1308 5850 te
1321 5809 1381 5864 sqq.
