3984 6534
1668 355 1686 417 7
1822 370 1825 375 .

154 482 175 558 ιι·
195 480 315 525 onasum
336 480 499 539 corporum
517 482 550 524 es
567 474 696 539 quattuor
717 466 881 538 simplicium
896 477 921 534 Λ
935 467 1025 534 tiens,
1048 466 1218 523 incrementa
1230 474 1259 523 ct
1272 465 1436 525 detrimenta
1454 481 1504 539 per
1521 352 1734 545 quantitatem

155 569 283 619 ustorum
292 559 365 616 coitu
378 559 600 629 compositorum,
610 575 644 616 es
655 559 782 615 maximis
794 574 881 631 usque
905 628 910 637 ,
932 561 1078 632 qualitates
1090 559 1198 628 recipit,
1216 559 1362 629 nrultisque
1375 576 1409 619 ac
1420 562 1441 597 ¹¹
1456 562 1540 621 variis
1554 563 1729 637 differentiis,
1746 568 1749 573 '

155 652 247 709 tissima
257 650 484 722 pervenientium,
496 650 593 722 triplex
604 651 788 707 consideratio
800 660 842 707 cst
853 656 879 705 ¹:
931 669 1002 724 quae
1014 652 1185 710 extrinsecus
1201 667 1236 708 ea
1253 651 1386 722 qualitate
1404 654 1538 723 locorum,
1554 669 1657 721 aomar.
1677 656 1734 723 imp.

155 742 255 799 renim
266 742 294 799 ia
307 742 341 799 iis
354 742 468 799 materia
481 742 634 813 inspicitur,
652 741 733 799 aliter
749 742 836 799 mansa
853 752 882 798 et
931 744 1187 809 morum-ciborum
1201 743 1385 815 similiumque
1396 744 1571 807 amasionum
1590 747 1731 821 cecilius,

155 834 297 904 bamam.
322 831 474 888 ῐιῑιιῑθῑῑῑθθΙ
489 831 696 900 34110613,θωῦιέ
708 832 826 889 solidum
841 839 882 887 ai·
931 837 1084 894 succumbit
1100 854 1107 890 :
1122 849 1212 893 noritis
1232 835 1381 913 sensim·
1394 835 1511 902 ridetur,
1526 848 1732 910 rectasque*

155 924 283 983 sensibile
300 938 400 994 corpus
422 923 522 989 eflicit;
548 924 752 1004 siqtpissutsola
770 925 881 980 ⁸matc—
932 925 1124 983 tiouiconreui
1176 940 1284 994 ,ipsam
1297 924 1508 985 mutabilitatem
1522 928 1729 1001 materlusparp

155 1028 241 1073 mama
250 1015 342 1087 speeie
359 1013 461 1070 nullum
474 1028 572 1085 corpus
584 1014 699 1085 peragit,
711 1016 776 1085 quia
789 1030 840 1086 per
850 1030 881 1073 so
930 1018 989 1087 ipsa
1002 1015 1090 1073 lortua
1113 1016 1289 1087 qualitativa.
1312 1030 1385 1089 quac
1398 1017 1426 1081 si,
1446 1018 1599 1081 adbaerent
1609 1022 1731 1091 eundem¹

155 1104 216 1163 ruta
232 1110 294 1170 sat,
317 1102 423 1175 adiecta
445 1118 510 1161 sero
531 1106 621 1174 specie
640 1120 740 1176 corpus
761 1104 882 1177 ‘perle-
930 1116 1035 1165 aestum
1056 1107 1181 1165 assiduae
1204 1106 1389 1165 fluctuationis
1411 1109 1590 1181 turbidaeque
1612 1114 1727 1184 paulun,

155 1194 249 1262 rista
272 1194 353 1251 aliter
374 1196 492 1253 essentia
515 1205 545 1252 et
565 1197 753 1255 substantialis
780 1198 879 1264 forma,
930 1216 1061 1271 aquarum
1075 1202 1125 1257 sub
1149 1200 1224 1257 caelo
1240 1201 1403 1273 simplicium
1416 1202 1613 1261 elementorum
1625 1207 1729 1277 posita·

155 1288 257 1383 'Q'
282 1286 489 1346 lundamenlum
512 1289 649 1346 immobile
664 1291 807 1347 formatam
821 1292 880 1349 sul-
929 1293 1234 1389 commemo-Quium
1245 1293 1412 1365 significarit
1423 1294 1447 1327 '⁴
1458 1292 1654 1355 Substantiulis
1665 1314 1729 1359 reto

155 1390 180 1439 rt
199 1380 321 1439 corbuel
331 1380 473 1436 materiem
485 1380 496 1413 ⁴
510 1397 518 1435 ε
533 1383 716 1437 necessarium
729 1392 800 1448 erat,
815 1384 882 1440 sub·
929 1380 1017 1437 iorma
1033 1382 1077 1437 uel
1090 1384 1205 1453 succiet,
1221 1383 1282 1438 in¹⁸
1295 1397 1396 1455 genere
1409 1398 1459 1441 suo
1471 1383 1730 1445 incommutabiliter

155 1472 241 1529 tlalem
259 1469 376 1527 iorntam
394 1484 428 1527 es
447 1471 561 1526 materia
585 1471 702 1527 formata
726 1473 879 1529 ratiorrabili
929 1474 1090 1539 susbsistens,
1106 1490 1176 1545 quac
1190 1485 1214 1518 ι·
1228 1474 1302 1531 nullo
1322 1476 1403 1533 modo
1415 1492 1478 1533 cum
1492 1490 1608 1548 corpore
1622 1494 1657 1535 cs
1671 1496 1726 1536 ma·

155 1564 209 1621 nitu
223 1578 377 1635 sepeque.
393 1562 509 1618 lanima
521 1572 612 1619 autem
626 1580 741 1635 corpora
754 1567 810 1622 disi
825 1575 880 1621 ter-
929 1565 998 1620 teria
1013 1574 1042 1621 et
1065 1564 1225 1634 qualitativa
1250 1563 1336 1621 iorma
1351 1567 1503 1636 composito
1518 1568 1729 1633 instabilitatem

155 1704 157 1713 .
173 1671 285 1729 aquam
300 1669 375 1723 aera,
391 1657 567 1725 aetheraque,
579 1656 752 1728 caelumque,
771 1657 799 1712 in
819 1657 880 1726 qui·
927 1658 1032 1727 patitur
1043 1656 1166 1714 ¹⁸-non
1178 1657 1250 1713 eslim
1267 1658 1728 1729 cumcotpure,iuclpit,quamrisin

155 1745 357 1803 mnemorabilis
381 1745 589 1800 maximorum*
607 1760 764 1816 corporum,
779 1756 807 1803 et
820 1762 878 1803 me·
929 1765 1043 1821 corpore
1056 1761 1196 1816 nascatur,
1221 1750 1280 1805 sine
1302 1765 1357 1820 quo
1378 1752 1562 1823 perseipsum
1583 1752 1611 1807 in
1629 1768 1730 1824 genere

155 1854 211 1905 ras,
231 1846 260 1895 ct
281 1837 456 1893 ministrorum
479 1837 490 1869 ⁸
509 1839 648 1907 quantitas
672 1838 877 1909 multiplicatur.
892 1833 916 1894 B
929 1858 980 1901 stro
994 1842 1176 1899 esscsrtialiter
1189 1852 1352 1912 permanet,
1370 1858 1460 1913 noque
1480 1859 1543 1900 cum
1556 1858 1591 1899 eo
1604 1860 1728 1901 corrum-

155 1948 163 1988 ι
182 1938 272 1986 tamen
292 1928 304 1963 ⁸
324 1930 433 1995 omnia,
447 1930 567 2011 [affigat
586 1931 721 1996 maxim,
736 1942 764 1987 et
778 1932 878 1997 mealia,
929 1936 1014 2006 pitur,
1029 1933 1158 2003 quoniam
1179 1933 1270 1987 omnis
1281 1929 1305 1965 'i
1317 1931 1447 1993 essentia,
1461 1940 1490 1987 et
1507 1933 1605 1999 uirtus,
1619 1944 1647 1989 et
1660 1949 1728 2004 ope·

155 2022 259 2089 brinta,
278 2030 453 2092 etquattuor
471 2021 635 2092 purissimis,
657 2022 878 2093 simplicissimis,
929 2025 1002 2082 ratio
1024 2038 1086 2080 cum
1111 2021 1333 2093 corruptibilibus
1350 2031 1379 2079 et
1393 2022 1570 2079 urumbilibus
1592 2039 1644 2081 uec
1664 2040 1729 2082 cott-

155 2116 317 2188 tbbtmsqos
336 2114 361 2149 ¹⁰
384 2130 434 2186 per
451 2130 481 2171 se
498 2115 640 2171 elerucutis
663 2117 877 2181 constiuruntur,
928 2115 1038 2185 surripi,
1064 2127 1115 2169 nec
1136 2113 1236 2169 mutari
1260 2124 1374 2183 metunt
1394 2113 1513 2182 propriis
1530 2127 1597 2169 suae
1611 2124 1729 2173 naturae

155 2208 215 2265 tiara
226 2208 253 2263 ln
266 2220 298 2263 ea
309 2204 499 2271 resolventem
517 2205 620 2260 nullum
630 2206 702 2261 enim
713 2206 887 2262 elementum·
928 2202 1484 2269 subsidiissolidata'‘,-aridue,boc'est,
1500 2202 1728 2273 torneamento

155 2316 176 2359 e
188 2315 319 2373 corporeo
337 2315 419 2357 musii
441 2299 593 2370 attingitur.
618 2298 736 2387 simp,
752 2307 782 2353 ut
795 2313 876 2369 prae·
928 2292 1337 2366 nonbcougmcappettamrt‘.
1353 2270 1548 2364 Co‘npsseqeatar
1559 2310 1727 2367 arpocqttoe,

155 2393 319 2453 tmtioibus
328 2392 543 2449 demorrstratum
553 2398 606 2456 est,
618 2400 745 2459 quattuor
755 2389 799 2443 illu
810 2404 877 2459 pura
928 2402 996 2459 quse
1018 2385 1067 2440 aab
1090 2384 1164 2440 cosio
1181 2394 1262 2449 sust,
1285 2384 1314 2439 in
1338 2382 1426 2438 locust
1441 2400 1536 2449 riuum,
1557 2394 1582 2441 et
1601 2393 1728 2457 appareat

155 2494 216 2543 enta
234 2481 397 2539 llrmamenti
412 2481 435 2513 ¹¹
457 2479 502 2534 vel
524 2479 591 2535 caeli
614 2479 778 2534 vocabulua
800 2477 877 2534 Scri·
928 2478 1016 2533 oddo.
1034 2475 1093 2532 Nisi
1104 2475 1178 2531 cuim
1191 2474 1417 2546 contemplatitus
1430 2477 1539 2532 animus
1550 2475 1726 2536 lluobtaulem

155 2578 197 2633 tl·
217 2583 329 2649 propter
351 2586 419 2628 suae
442 2581 556 2627 naturae
578 2570 727 2639 simplicem
749 2571 877 2626 uirtutem
928 2568 1060 2625 materias
1081 2567 1309 2637 adhaerentisque
1330 2567 1356 2623 ci
1379 2566 1485 2624 tornae
1508 2567 1727 2638 instabibtatsm,

155 2676 240 2725 rerum
253 2663 394 2737 appellari,
408 2662 536 2718 nimirum
551 2663 641 2717 omnia
656 2676 770 2730 corpora
788 2662 823 2717 ab
837 2663 878 2717 eis
927 2660 1012 2717 ueluti
1024 2659 1156 2731 quosdam
1169 2668 1326 2715 aestuantes
1346 2657 1465 2725 lluctus,
1489 2660 1517 2716 in
1530 2676 1614 2717 urium
1629 2660 1729 2719 muts

155 2758 226 2815 bris
238 2754 366 2812 ineliabili
380 2768 473 2810 eorum
486 2753 558 2808 coitu
574 2753 730 2816 constituta,
745 2768 877 2822 aquarum
928 2730 1230 2825 qentffis'biiirbffunus
1241 2764 1360 2821 uanique
1370 2750 1526 2807 intellectus
1539 2759 1582 2807 cst
1596 2754 1729 2807 materias

155 2846 221 2905 :acio
234 2846 385 2919 positarum
403 2851 516 2913 possunt
539 2843 647 2896 utrririne
671 2842 876 2910 comprehendi.
927 2853 955 2899 et
969 2842 1142 2899 adhaerentis
1156 2840 1178 2874 ⁸¹
1203 2834 1371 2908 ciffi,
1387 2842 1515 2912 quoniam
1530 2856 1612 2897 unum
1628 2857 1727 2914 corpus

155 2936 303 3013 Qum
328 2948 392 2988 naut
408 2948 463 2987 non
484 2930 572 2987 solum
592 2931 729 2986 rutuabilia
744 2942 818 2997 sunt,
831 2946 879 2987 rc·
927 2931 1063 2995 elliciuut,
1078 2933 1154 3001 prius
1168 2930 1287 3003 colligat,
1304 2929 1391 2986 lorma
1405 2930 1451 2986 illa
1468 2932 1664 2998 substantialis,
1679 2948 1727 2989 na·

169 3029 249 3083 etiarn
262 3024 432 3097 generationi
449 3034 477 3078 et
493 3023 659 3093 cormptloui
675 3023 875 3116 Sillim-Q·
928 3021 1008 3076 turali
1021 3021 1158 3077 soliditate
1172 3036 1238 3077 strae
1251 3030 1364 3076 staturae
1378 3035 1485 3091 tempu
1499 3021 1614 3087 stabilis,
1627 3022 1727 3079 meotis

155 3142 157 3173 l
177 3118 271 3186 illast,
291 3132 363 3190 quae
382 3116 508 3173 caelestia
534 3116 576 3170 uel
600 3117 727 3171 aetberca
751 3117 878 3172 dicunlur
927 3113 1015 3169 oculis
1028 3126 1161 3183 apparere
1179 3127 1233 3167 non
1249 3113 1359 3182 poterit.
1383 3112 1503 3169 uranu
1519 3110 1627 3169 diffusio
1641 3129 1728 3186 aqua-

155 3186 217 3279 Jra,
237 3209 363 3283 masuris
388 3206 537 3277 spiritualia
554 3214 583 3260 et
601 3205 815 3277 incorruptibilia
833 3206 875 3260 ri·
888 3202 912 3266 (1
928 3218 989 3258 rum
1001 3202 1105 3259 telluris
1118 3202 1292 3268 soliditatem,
1306 3218 1340 3257 ne
1352 3203 1478 3258 sensibus
1489 3204 1629 3274 corporeis
1642 3218 1726 3277 appa·

156 3310 284 3366 tetresse,
299 3298 452 3355 necessario
467 3306 558 3353 tanuen
571 3297 610 3362 ¹⁸,
627 3298 754 3365 quoniam
768 3314 817 3367 per
829 3314 878 3370 qe-
927 3307 996 3361 reat,
1007 3297 1145 3366 cooperit:
1166 3296 1203 3350 ita
1218 3294 1436 3367 corruptibilium
1450 3310 1597 3364 corporum
1613 3297 1728 3353 mombi-

155 3390 255 3446 tiouem
267 3396 295 3445 et
307 3388 528 3459 compositionem
550 3387 745 3443 inoboaueruut
759 3388 825 3452 lieri,
843 3388 877 3442 ad
927 3386 989 3443 litas
1012 3396 1041 3443 et
1058 3386 1264 3443 innumerabilis
1285 3384 1476 3455 multiplicatio
1492 3386 1666 3443 subsistentis
1685 3387 1728 3445 eis

158 3498 166 3533 ι
180 3494 248 3535 suae
263 3478 402 3535 solutionis
415 3486 444 3533 et
458 3477 640 3547 corruptionis
659 3478 827 3547 pervenient.
845 3476 876 3532 st
926 3477 1031 3533 formae
1048 3476 1222 3534 stabilitatem
1242 3476 1278 3532 ab
1292 3475 1523 3532 intellectualibus
1535 3476 1634 3543 oculis,
1646 3488 1727 3534 uatu-

155 3590 172 3627 n
185 3569 313 3627 caelestia
326 3582 440 3640 corpora
453 3567 638 3624 necessariam
652 3567 694 3622 sui
714 3566 876 3622 solutionem
926 3583 972 3624 ras
985 3567 1010 3601 ²⁸
1021 3567 1379 3638 rerumcontcmplantibus,
1391 3566 1491 3631 aulem
1505 3583 1539 3623 ne
1549 3568 1725 3640 perseipsa¹⁸

155 3672 237 3729 etant,
252 3662 368 3717 scritate
381 3659 488 3715 dicente
508 3674 516 3712 a
535 3656 644 3713 Caelata
662 3668 687 3712 st
701 3667 875 3712 terratione-
926 3676 942 3715 a
967 3661 1127 3733 corporibus
1153 3662 1272 3717 discreta
1299 3663 1488 3719 consideretur
1514 3661 1666 3730 perspicua.
1690 3661 1725 3715 El

167 3754 205 3822 ¹⁸3
219 3762 248 3810 el
261 3751 284 3786 ¹⁶
296 3751 440 3808 Psalmisla
453 3768 460 3805 ε
472 3748 691 3820 Opcrcasanams
701 3758 875 3802 tuarurnsuut
926 3754 1154 3825 quemadmodum
1179 3755 1369 3809 recedentibus
1389 3754 1489 3822 aquis,
1514 3752 1595 3821 inque
1618 3751 1724 3807 alneum

155 3844 225 3917 ‚insi
235 3842 372 3913 perstans,
386 3848 414 3897 et
427 3838 524 3895 sinistra
539 3836 568 3893 S·
584 3837 741 3909 scripturae
755 3836 877 3891 tmuium
926 3824 1137 3914 stimulisque·
1152 3843 1267 3898 correcte
1286 3843 1441 3908 cumulatis,
1456 3842 1547 3897 ttuora
1565 3843 1645 3913 tange
1657 3840 1725 3899 tuc-

155 3932 218 4005 quid
235 3934 269 3989 de
282 3932 386 3988 inbutis
398 3929 491 3985 nruudi
504 3928 664 3997 corporibus
676 3936 718 3982 est
731 3928 877 3981 aestimau-
926 3948 979 4004 que
997 3935 1080 3997 rruda,
1095 3947 1128 3987 ac
1139 3931 1164 3965 ⁸·
1182 3932 1271 3995 sicca,
1287 3931 1428 4000 solidaque
1446 3940 1603 4002 patescunt:
1617 3932 1666 4009 sic
1679 3932 1723 3988 iu·

155 4040 240 4099 ‚qnae
255 4023 375 4094 quotidie
387 4031 536 4077 nascuntur
551 4029 632 4089 atquc
647 4017 876 4113 soluuulurilla·
927 4022 1076 4078 stabilitate
1089 4020 1305 4091 corruptibilium
1324 4036 1415 4076 rerum
1438 4022 1536 4077 meulis
1550 4023 1673 4078 contuitu
1688 4023 1724 4081 ab

155 4114 215 4173 tlin
230 4114 304 4173 muni
321 4127 436 4182 corpore
459 4112 518 4168 sire
539 4111 663 4176 caelesti,
682 4111 740 4166 sire
757 4117 875 4173 terreno,
927 4111 1176 4182 incorruptibilibus
1188 4111 1293 4167 naturis
1307 4126 1363 4167 uno
1375 4112 1614 4183 contemplationis
1629 4123 1723 4172 tenore

155 4205 264 4279 aquatili
287 4203 425 4261 instabilis
437 4203 578 4259 inundatio
599 4201 730 4257 materiae
753 4200 877 4255 iniurmis
926 4214 1087 4272 scgregata,
1108 4218 1171 4258 mos
1195 4201 1345 4259 lorruarusu
1366 4204 1603 4269 substantialium,
1618 4213 1647 4260 el
1661 4220 1723 4275 spe-

155 4298 261 4371 picltur;
282 4299 321 4354 ita
334 4298 407 4354 euim
421 4297 560 4361 delinitur,
576 4298 690 4352 materia
703 4306 744 4350 cst
759 4294 877 4350 mutabi·
926 4294 1028 4350 sienim
1062 4293 1240 4349 immutabilis
1271 4295 1508 4363 pulcberrimaque
1536 4294 1661 4350 atiliditas
1693 4295 1722 4351 in

168 4406 258 4449 terum
281 4390 450 4447 ululabilium
473 4406 559 4459 capas
576 4389 697 4444 ortrnium
713 4386 874 4448 formarum,
926 4383 1071 4455 generibus
1102 4384 1160 4439 suis
1193 4383 1276 4438 autimi
1313 4384 1452 4439 obtutibus
1489 4384 1603 4439 arridet.
1636 4385 1722 4443 brida

155 4480 299 4551 bilitasque
313 4480 452 4537 mutabilis
474 4481 595 4544 formae,
620 4495 673 4549 qua
688 4479 745 4550 ipsa
761 4478 874 4534 numeria
926 4484 1017 4530 aulem
1051 4475 1151 4530 dicitur
1186 4472 1403 4530 sulutantiaiium
1436 4473 1585 4531 lormarum
1616 4477 1721 4535 nabit·

155 4576 238 4635 dou
257 4575 403 4642 formatum
428 4576 486 4646 ipsa
509 4587 626 4644 uastique
648 4581 691 4629 est
717 4552 980 4642 qualitatiraDtas.
1003 4565 1236 4647 &libelluli
1260 4566 1388 4637 quioniam
1410 4567 1480 4623 nuda
1496 4576 1524 4622 et
1540 4567 1664 4625 absoluta
1678 4578 1722 4626 cst

155 4690 181 4738 a,
192 4686 263 4742 quae
273 4668 398 4740 adjuncta
413 4636 577 4723 stramem&
589 4680 686 4736 corpus
698 4663 795 4731 edicit;
809 4680 876 4735 qua-
928 4659 1048 4714 omnium
1058 4659 1236 4715 accidentium
1243 4659 1423 4728 operimento.
1432 4662 1528 4721 Omnis
1541 4662 1614 4719 eninr
1631 4663 1719 4721 iorma

155 4776 216 4817 ram
248 4760 337 4816 uidem
352 4757 467 4813 lormam
481 4756 543 4812 dico
558 4755 641 4821 illam,
658 4769 773 4825 quaees
786 4753 876 4825 quali·
928 4760 956 4806 et
969 4750 1082 4820 species,
1107 4751 1134 4804 iu
1153 4750 1272 4820 gererali
1291 4749 1484 4824 simplicitate,
1510 4767 1562 4823 qua
1585 4754 1718 4822 subsistit,

155 4862 261 4925 sumpta
277 4859 306 4908 el
320 4851 472 4923 quantitate
493 4847 618 4905 sensibus
634 4846 774 4917 corporcis
793 4861 876 4919 appa·
928 4841 1118 4906 considerata,
1143 4840 1322 4896 accidentium
1345 4856 1480 4901 concarrsu
1493 4842 1517 4875 ¹¹
1540 4845 1654 4901 omnino
1678 4852 1721 4900 est
1820 4916 1826 4921 -
1879 4858 1947 4931 ²³*

155 4944 334 5013 ntcrbeque
346 4939 515 4998 instabilitati
529 4939 552 4974 ¹·
567 4938 728 5004 adbaerent,
740 4951 803 4993 curn
817 4938 876 5007 ipsa
927 4930 1028 4997 libera;
1053 4944 1167 5000 corpora
1188 4944 1270 4996 rem,
1294 4932 1394 5001 quibus
1414 4933 1553 4999 subsistit,
1569 4933 1680 4990 omniuo
1695 4933 1720 4967 ⁸⁸
1778 4950 1783 4961 ·
1798 4926 1812 5025 f
1827 4982 1836 5003 Ι,

155 5030 553 5117 ermcmatffcnerauonem
567 5028 806 5098 etcorruptiouem
827 5041 877 5098 pa·
928 5023 1111 5080 accidentium
1125 5021 1236 5094 capacia
1252 5031 1325 5080 sunt.
1339 5023 1580 5081 baiormaauteut
1595 5023 1720 5081 substau-
1796 5030 1829 5085 l·

721 5155 849 5214 tuntas
865 5153 1068 5213 mostubus.

155 5280 225 5337 batt
236 5279 422 5335 ccamtcruuo.
461 5273 649 5329 'detulerim
688 5271 734 5325 Ἀ
751 5272 843 5343 efficil,·
858 5269 1066 5343 solusiquidrnt.
1110 5268 1227 5338 ‘corpus
1253 5283 1308 5325 om.
1324 5267 1356 5323 C.
1401 5267 1571 5347 'perfeetum
1600 5280 1654 5323 ons.
1681 5266 1716 5323 Δ.

161 5350 310 5405 materiam.
355 5338 850 5414 ³Conj.;llmt'rtorum;Culiurum.
897 5340 1143 5394 'Arrutnerorum
1188 5336 1237 5390 ’A
1265 5349 1338 5389 tusc.
1388 5335 1629 5391 ¹‘Aa'nuiubrlidus
1648 5334 1717 5405 (que

155 5463 161 5477 .
203 5419 224 5452 ¹²
242 5414 519 5486 immistionum
557 5413 783 5480 ”Ascripturis
822 5410 845 5443 ¹⁸
863 5413 886 5465 Α
904 5409 1080 5467 litaturum.
1119 5408 1141 5438 ¹⁸
1159 5407 1182 5461 A
1203 5417 1274 5461 tunc.
1315 5406 1521 5475 ¹⁸Aperibunt.
1561 5405 1582 5436 ¹⁸
1601 5404 1622 5458 b
1643 5406 1714 5462 ilem.

158 5490 392 5560 adiectumuteris.
432 5481 625 5537 ¹⁸binstubib'.
664 5481 769 5535 ”bet
808 5479 918 5533 'ibat
935 5479 992 5547 ipsu
1004 5476 1166 5531 mutabilitas
1192 5476 1321 5531 materiae
1337 5491 1361 5530 c.
1379 5478 1396 5528 i.
1414 5476 1433 5528 l.
1450 5490 1478 5543 q.
1495 5491 1522 5544 q.
1539 5490 1563 5528 e.
1580 5475 1715 5537 utliroerel,

155 5570 240 5617 susm
259 5557 440 5628 patrationis
464 5552 587 5608 studeas
611 5561 632 5605 t.
658 5567 685 5620 p.
715 5567 740 5604 u.
765 5565 836 5619 sc.
861 5564 884 5605 s.
904 5564 929 5605 e.
956 5556 1017 5617 pl.
1047 5547 1156 5603 uoririue
1186 5547 1276 5601 deberit
1303 5544 1470 5619 aqiiilcartt
1518 5545 1538 5576 ¹¹
1564 5545 1592 5599 itt
1609 5543 1713 5607 out-A.

155 5648 179 5689 o
200 5626 310 5701 quusi}
333 5638 366 5683 ιι.
422 5625 447 5658 ¹⁸
464 5623 630 5693 Propott'tar
647 5624 668 5677 tl
686 5621 776 5675 sumit.
843 5618 866 5651 ¹⁸
883 5619 969 5673 unsaris
990 5632 1045 5673 otu.
1064 5616 1098 5674 Δ.
1155 5616 1179 5649 ”
1196 5616 1309 5672 solidata
1329 5630 1384 5669 otri.
1402 5613 1435 5669 A.
1483 5613 1506 5646 ⁸·
1522 5612 1545 5666 b
1560 5614 1714 5683 appelletur.

160 5699 389 5767 astantumque.
427 5696 451 5729 ¹³
469 5695 638 5751 stratarum.
677 5693 699 5723 ¹⁸
718 5689 895 5761 ipsuumb.
933 5687 956 5722 ⁸⁰
974 5688 1126 5747 scumb.
1162 5686 1185 5720 ⁸¹
1204 5684 1716 5759 obstruerenttmnbmimlomu-

158 5772 260 5829 entiam
273 5783 409 5823 concursu.
425 5780 479 5823 om.
489 5764 522 5823 C·
560 5761 613 5818 ⁸¹C
625 5762 752 5817 ommam.
