<?xml version="1.0" encoding="UTF-8"?>
<!DOCTYPE html PUBLIC "-//W3C//DTD XHTML 1.0 Transitional//EN"
    "http://www.w3.org/TR/xhtml1/DTD/xhtml1-transitional.dtd">
<html xmlns="http://www.w3.org/1999/xhtml" xml:lang="en" lang="en">
 <head>
  <title>
</title>
<meta http-equiv="Content-Type" content="text/html;charset=utf-8" />
  <meta name='ocr-system' content='tesseract 3.04.00' />
  <meta name='ocr-capabilities' content='ocr_page ocr_carea ocr_par ocr_line ocrx_word'/>
</head>
<body>
  <div class='ocr_page' id='page_1' title='image "./operaquaesupers00flosgoog/operaquaesupers00flosgoog_0056.png"; bbox 0 0 3984 6534; ppageno 0'>
   <div class='ocr_carea' id='block_1_1' title="bbox 155 426 1854 515">
    <p class='ocr_par' dir='ltr' id='par_1_1' title="bbox 155 426 1854 515">
     <span class='ocr_line' id='line_1_1' title="bbox 155 426 1854 515; baseline -0.002 -20"><span class='ocrx_word' id='word_1_1' title='bbox 155 463 185 515; x_wconf 69' lang='lat' dir='ltr'><strong>qq</strong></span> <span class='ocrx_word' id='word_1_2' title='bbox 566 442 570 447; x_wconf 86' lang='lat'>&#39;</span> <span class='ocrx_word' id='word_1_3' title='bbox 620 433 665 490; x_wconf 77' lang='lat' dir='ltr'><strong>DE</strong></span> <span class='ocrx_word' id='word_1_4' title='bbox 685 431 764 491; x_wconf 81' lang='lat' dir='ltr'><strong>titt</strong></span> <span class='ocrx_word' id='word_1_5' title='bbox 781 433 826 490; x_wconf 82' lang='grc' dir='ltr'><strong>ΕΤ</strong></span> <span class='ocrx_word' id='word_1_6' title='bbox 846 432 1050 493; x_wconf 81' lang='lat' dir='ltr'>PRAECEPTIS</span> <span class='ocrx_word' id='word_1_7' title='bbox 1068 433 1093 490; x_wconf 89' lang='lat' dir='ltr'><strong>l.</strong></span> <span class='ocrx_word' id='word_1_8' title='bbox 1113 431 1222 493; x_wconf 85' lang='lat' dir='ltr'><strong>SCOTl.</strong></span> <span class='ocrx_word' id='word_1_9' title='bbox 1241 462 1278 476; x_wconf 92' lang='lat'>-</span> <span class='ocrx_word' id='word_1_10' title='bbox 1292 426 1383 491; x_wconf 79' lang='lat' dir='ltr'><strong>ettt&#39;s</strong></span> <span class='ocrx_word' id='word_1_11' title='bbox 1400 435 1422 492; x_wconf 92' lang='lat' dir='ltr'><strong>l.</strong></span> <span class='ocrx_word' id='word_1_12' title='bbox 1817 435 1854 498; x_wconf 76' lang='lat' dir='ltr'><strong>db</strong></span> 
     </span>
    </p>
   </div>
   <div class='ocr_carea' id='block_1_2' title="bbox 172 532 1944 4670">
    <p class='ocr_par' dir='ltr' id='par_1_2' title="bbox 172 532 1944 4670">
     <span class='ocr_line' id='line_1_2' title="bbox 172 532 1853 624; baseline -0.001 -15"><span class='ocrx_word' id='word_1_13' title='bbox 172 570 242 624; x_wconf 69' lang='lat' dir='ltr'><strong>ano</strong></span> <span class='ocrx_word' id='word_1_14' title='bbox 254 532 289 594; x_wconf 54' lang='grc' dir='ltr'><strong>ὅθ</strong></span> <span class='ocrx_word' id='word_1_15' title='bbox 306 544 601 609; x_wconf 72' lang='lat' dir='ltr'><strong>hraedestinatioue</strong></span> <span class='ocrx_word' id='word_1_16' title='bbox 622 547 777 616; x_wconf 89' lang='lat' dir='ltr'><strong>contulerit,</strong></span> <span class='ocrx_word' id='word_1_17' title='bbox 800 546 868 603; x_wconf 89' lang='lat' dir='ltr'><strong>nihil</strong></span> <span class='ocrx_word' id='word_1_18' title='bbox 892 561 1005 620; x_wconf 85' lang='lat' dir='ltr'><strong>prorsus</strong></span> <span class='ocrx_word' id='word_1_19' title='bbox 1019 555 1046 612; x_wconf 80' lang='lat' dir='ltr'>A</span> <span class='ocrx_word' id='word_1_20' title='bbox 1058 547 1120 604; x_wconf 90' lang='lat' dir='ltr'><strong>dem</strong></span> <span class='ocrx_word' id='word_1_21' title='bbox 1132 548 1158 603; x_wconf 92' lang='lat' dir='ltr'><strong>in</strong></span> <span class='ocrx_word' id='word_1_22' title='bbox 1170 548 1273 605; x_wconf 87' lang='lat' dir='ltr'><strong>iontem</strong></span> <span class='ocrx_word' id='word_1_23' title='bbox 1285 549 1472 620; x_wconf 89' lang='lat' dir='ltr'><strong>originemque</strong></span> <span class='ocrx_word' id='word_1_24' title='bbox 1480 565 1557 606; x_wconf 85' lang='lat' dir='ltr'><strong>suam</strong></span> <span class='ocrx_word' id='word_1_25' title='bbox 1570 550 1608 624; x_wconf 75' lang='lat' dir='ltr'><strong>(id</strong></span> <span class='ocrx_word' id='word_1_26' title='bbox 1622 556 1664 608; x_wconf 80' lang='lat' dir='ltr'><strong>ott</strong></span> <span class='ocrx_word' id='word_1_27' title='bbox 1677 549 1772 623; x_wconf 83' lang='lat' dir='ltr'><strong>Deum)</strong></span> <span class='ocrx_word' id='word_1_28' title='bbox 1793 550 1853 607; x_wconf 90' lang='lat' dir='ltr'><strong>red-</strong></span> 
     </span>
     <span class='ocr_line' id='line_1_3' title="bbox 188 627 1245 715; baseline -0.002 -15"><span class='ocrx_word' id='word_1_29' title='bbox 188 627 363 712; x_wconf 70' lang='lat' dir='ltr'><strong>nnnitatiouis</strong></span> <span class='ocrx_word' id='word_1_30' title='bbox 385 636 422 695; x_wconf 83' lang='lat' dir='ltr'><strong>ei</strong></span> <span class='ocrx_word' id='word_1_31' title='bbox 443 639 631 711; x_wconf 89' lang='lat' dir='ltr'><strong>relinquetur.</strong></span> <span class='ocrx_word' id='word_1_32' title='bbox 648 639 707 709; x_wconf 84' lang='lat' dir='ltr'><strong>Quo</strong></span> <span class='ocrx_word' id='word_1_33' title='bbox 724 637 825 696; x_wconf 86' lang='lat' dir='ltr'><strong>iactum</strong></span> <span class='ocrx_word' id='word_1_34' title='bbox 838 637 1007 715; x_wconf 76' lang='lat' dir='ltr'><strong>est,ut·iam</strong></span> <span class='ocrx_word' id='word_1_35' title='bbox 1058 638 1130 696; x_wconf 82' lang='lat' dir='ltr'><strong>itura</strong></span> <span class='ocrx_word' id='word_1_36' title='bbox 1143 655 1204 697; x_wconf 91' lang='lat' dir='ltr'><strong>esse</strong></span> <span class='ocrx_word' id='word_1_37' title='bbox 1221 660 1245 698; x_wconf 84' lang='grc' dir='ltr'>ι.</span> 
     </span>
     <span class='ocr_line' id='line_1_4' title="bbox 198 718 1853 811; baseline 0.002 -25"><span class='ocrx_word' id='word_1_38' title='bbox 198 737 291 811; x_wconf 82' lang='lat' dir='ltr'><strong>pridem</strong></span> <span class='ocrx_word' id='word_1_39' title='bbox 309 723 397 784; x_wconf 86' lang='lat' dir='ltr'><strong>inter</strong></span> <span class='ocrx_word' id='word_1_40' title='bbox 423 728 510 787; x_wconf 83' lang='lat' dir='ltr'><strong>viros</strong></span> <span class='ocrx_word' id='word_1_41' title='bbox 524 729 624 791; x_wconf 88' lang='lat' dir='ltr'><strong>doctos</strong></span> <span class='ocrx_word' id='word_1_42' title='bbox 637 744 692 786; x_wconf 92' lang='lat' dir='ltr'><strong>uno</strong></span> <span class='ocrx_word' id='word_1_43' title='bbox 706 730 784 800; x_wconf 85' lang='lat' dir='ltr'><strong>quasi</strong></span> <span class='ocrx_word' id='word_1_44' title='bbox 799 742 846 784; x_wconf 91' lang='lat' dir='ltr'><strong>ore</strong></span> <span class='ocrx_word' id='word_1_45' title='bbox 866 718 918 785; x_wconf 84' lang='lat' dir='ltr'><strong>hac</strong></span> <span class='ocrx_word' id='word_1_46' title='bbox 935 727 963 783; x_wconf 92' lang='lat' dir='ltr'><strong>in</strong></span> <span class='ocrx_word' id='word_1_47' title='bbox 977 742 1007 784; x_wconf 90' lang='lat' dir='ltr'><strong>ro</strong></span> <span class='ocrx_word' id='word_1_48' title='bbox 1093 732 1167 800; x_wconf 79' lang='lat' dir='ltr'><strong>Quae</strong></span> <span class='ocrx_word' id='word_1_49' title='bbox 1178 733 1355 806; x_wconf 82' lang='lat' dir='ltr'><strong>philosophia,</strong></span> <span class='ocrx_word' id='word_1_50' title='bbox 1369 748 1451 805; x_wconf 92' lang='lat' dir='ltr'><strong>quam</strong></span> <span class='ocrx_word' id='word_1_51' title='bbox 1466 743 1593 792; x_wconf 87' lang='lat' dir='ltr'><strong>accurate</strong></span> <span class='ocrx_word' id='word_1_52' title='bbox 1605 734 1767 793; x_wconf 90' lang='lat' dir='ltr'><strong>lutulentum</strong></span> <span class='ocrx_word' id='word_1_53' title='bbox 1780 732 1853 790; x_wconf 91' lang='lat' dir='ltr'><strong>istud</strong></span> 
     </span>
     <span class='ocr_line' id='line_1_5' title="bbox 202 824 1852 898; baseline -0.004 -11"><span class='ocrx_word' id='word_1_54' title='bbox 202 833 238 888; x_wconf 88' lang='lat' dir='ltr'><strong>sit</strong></span> <span class='ocrx_word' id='word_1_55' title='bbox 247 835 425 885; x_wconf 67' lang='lat' dir='ltr'><strong>mutescunt.</strong></span> <span class='ocrx_word' id='word_1_56' title='bbox 1058 824 1105 897; x_wconf 90' lang='lat' dir='ltr'><strong>(sit</strong></span> <span class='ocrx_word' id='word_1_57' title='bbox 1116 825 1194 881; x_wconf 90' lang='lat' dir='ltr'><strong>venia</strong></span> <span class='ocrx_word' id='word_1_58' title='bbox 1210 824 1306 898; x_wconf 88' lang='lat' dir='ltr'><strong>verbo)</strong></span> <span class='ocrx_word' id='word_1_59' title='bbox 1325 825 1410 882; x_wconf 91' lang='lat' dir='ltr'><strong>chaos</strong></span> <span class='ocrx_word' id='word_1_60' title='bbox 1425 824 1640 882; x_wconf 78' lang='lat' dir='ltr'><strong>Alexandrinum</strong></span> <span class='ocrx_word' id='word_1_61' title='bbox 1654 825 1852 884; x_wconf 83' lang='lat' dir='ltr'><strong>recentiorum-</strong></span> 
     </span>
     <span class='ocr_line' id='line_1_6' title="bbox 242 913 1853 992; baseline -0.002 -15"><span class='ocrx_word' id='word_1_62' title='bbox 242 919 313 992; x_wconf 70' lang='lat' dir='ltr'><strong>buod</strong></span> <span class='ocrx_word' id='word_1_63' title='bbox 334 926 438 975; x_wconf 87' lang='lat' dir='ltr'><strong>autern</strong></span> <span class='ocrx_word' id='word_1_64' title='bbox 455 915 579 975; x_wconf 78' lang='lat' dir='ltr'><strong>&#39;l&#39;bomas</strong></span> <span class='ocrx_word' id='word_1_65' title='bbox 598 915 698 975; x_wconf 84' lang='lat' dir='ltr'><strong>Galeus</strong></span> <span class='ocrx_word' id='word_1_66' title='bbox 716 917 744 973; x_wconf 91' lang='lat' dir='ltr'><strong>in</strong></span> <span class='ocrx_word' id='word_1_67' title='bbox 764 915 933 988; x_wconf 78' lang='lat' dir='ltr'><strong>praefatione</strong></span> <span class='ocrx_word' id='word_1_68' title='bbox 950 913 1008 972; x_wconf 88' lang='lat' dir='ltr'><strong>edl-</strong></span> <span class='ocrx_word' id='word_1_69' title='bbox 1056 931 1111 987; x_wconf 93' lang='lat' dir='ltr'><strong>que</strong></span> <span class='ocrx_word' id='word_1_70' title='bbox 1124 916 1334 985; x_wconf 83' lang='lat' dir='ltr'><strong>Platonicorum,</strong></span> <span class='ocrx_word' id='word_1_71' title='bbox 1351 933 1420 990; x_wconf 91' lang='lat' dir='ltr'><strong>quos</strong></span> <span class='ocrx_word' id='word_1_72' title='bbox 1431 925 1541 986; x_wconf 88' lang='lat' dir='ltr'><strong>vocant,</strong></span> <span class='ocrx_word' id='word_1_73' title='bbox 1564 917 1677 987; x_wconf 85' lang='lat' dir='ltr'><strong>reierat,</strong></span> <span class='ocrx_word' id='word_1_74' title='bbox 1700 933 1780 976; x_wconf 88' lang='lat' dir='ltr'><strong>nemo</strong></span> <span class='ocrx_word' id='word_1_75' title='bbox 1797 933 1853 974; x_wconf 91' lang='lat' dir='ltr'><strong>non</strong></span> 
     </span>
     <span class='ocr_line' id='line_1_7' title="bbox 210 1006 1854 1083; baseline -0.002 -12"><span class='ocrx_word' id='word_1_76' title='bbox 210 1015 292 1071; x_wconf 90' lang='lat' dir='ltr'><strong>tionis</strong></span> <span class='ocrx_word' id='word_1_77' title='bbox 300 1026 365 1068; x_wconf 88' lang='lat' dir='ltr'><strong>suae</strong></span> <span class='ocrx_word' id='word_1_78' title='bbox 376 1012 419 1082; x_wconf 73' lang='lat' dir='ltr'><strong>ip.</strong></span> <span class='ocrx_word' id='word_1_79' title='bbox 439 1008 469 1078; x_wconf 73' lang='lat' dir='ltr'><strong>li</strong></span> <span class='ocrx_word' id='word_1_80' title='bbox 481 1011 584 1075; x_wconf 86' lang='lat' dir='ltr'><strong>scribit,</strong></span> <span class='ocrx_word' id='word_1_81' title='bbox 594 1017 679 1066; x_wconf 86' lang='lat' dir='ltr'><strong>testes</strong></span> <span class='ocrx_word' id='word_1_82' title='bbox 689 1008 848 1081; x_wconf 90' lang='lat' dir='ltr'><strong>lldcdignos</strong></span> <span class='ocrx_word' id='word_1_83' title='bbox 859 1006 1004 1074; x_wconf 82' lang='lat' dir='ltr'><strong>affirmare,</strong></span> <span class='ocrx_word' id='word_1_84' title='bbox 1057 1009 1141 1077; x_wconf 90' lang='lat' dir='ltr'><strong>videt,</strong></span> <span class='ocrx_word' id='word_1_85' title='bbox 1157 1019 1238 1082; x_wconf 89' lang='lat' dir='ltr'><strong>atque</strong></span> <span class='ocrx_word' id='word_1_86' title='bbox 1253 1011 1280 1067; x_wconf 91' lang='lat' dir='ltr'><strong>in</strong></span> <span class='ocrx_word' id='word_1_87' title='bbox 1296 1012 1417 1083; x_wconf 85' lang='lat' dir='ltr'><strong>capitell</strong></span> <span class='ocrx_word' id='word_1_88' title='bbox 1433 1012 1544 1068; x_wconf 89' lang='lat' dir='ltr'><strong>uberius</strong></span> <span class='ocrx_word' id='word_1_89' title='bbox 1559 1028 1574 1067; x_wconf 97' lang='lat' dir='ltr'><strong>a</strong></span> <span class='ocrx_word' id='word_1_90' title='bbox 1593 1012 1672 1069; x_wconf 89' lang='lat' dir='ltr'><strong>nobis</strong></span> <span class='ocrx_word' id='word_1_91' title='bbox 1687 1013 1854 1069; x_wconf 89' lang='lat' dir='ltr'><strong>demonstra·</strong></span> 
     </span>
     <span class='ocr_line' id='line_1_8' title="bbox 211 1100 1854 1176; baseline -0.002 -15"><span class='ocrx_word' id='word_1_92' title='bbox 211 1106 322 1163; x_wconf 83' lang='lat' dir='ltr'><strong>Florum</strong></span> <span class='ocrx_word' id='word_1_93' title='bbox 340 1102 380 1176; x_wconf 78' lang='lat' dir='ltr'><strong>(o)</strong></span> <span class='ocrx_word' id='word_1_94' title='bbox 401 1103 455 1160; x_wconf 89' lang='lat' dir='ltr'><strong>bos</strong></span> <span class='ocrx_word' id='word_1_95' title='bbox 473 1102 565 1168; x_wconf 87' lang='lat' dir='ltr'><strong>libros,</strong></span> <span class='ocrx_word' id='word_1_96' title='bbox 582 1118 635 1174; x_wconf 94' lang='lat' dir='ltr'><strong>quo</strong></span> <span class='ocrx_word' id='word_1_97' title='bbox 656 1101 763 1158; x_wconf 89' lang='lat' dir='ltr'><strong>lacilius</strong></span> <span class='ocrx_word' id='word_1_98' title='bbox 779 1100 943 1168; x_wconf 73' lang='lat' dir='ltr'><strong>confutaret,</strong></span> <span class='ocrx_word' id='word_1_99' title='bbox 960 1101 1006 1157; x_wconf 92' lang='lat' dir='ltr'><strong>de-</strong></span> <span class='ocrx_word' id='word_1_100' title='bbox 1058 1108 1114 1156; x_wconf 89' lang='lat' dir='ltr'><strong>tum</strong></span> <span class='ocrx_word' id='word_1_101' title='bbox 1127 1109 1179 1157; x_wconf 85' lang='lat' dir='ltr'><strong>est.</strong></span> <span class='ocrx_word' id='word_1_102' title='bbox 1195 1101 1288 1172; x_wconf 92' lang='lat' dir='ltr'><strong>ltaque</strong></span> <span class='ocrx_word' id='word_1_103' title='bbox 1298 1101 1355 1173; x_wconf 81' lang='lat' dir='ltr'><strong>jam</strong></span> <span class='ocrx_word' id='word_1_104' title='bbox 1379 1118 1428 1174; x_wconf 91' lang='lat' dir='ltr'><strong>per</strong></span> <span class='ocrx_word' id='word_1_105' title='bbox 1449 1119 1479 1160; x_wconf 90' lang='lat' dir='ltr'><strong>se</strong></span> <span class='ocrx_word' id='word_1_106' title='bbox 1493 1103 1597 1174; x_wconf 90' lang='lat' dir='ltr'><strong>liquere</strong></span> <span class='ocrx_word' id='word_1_107' title='bbox 1615 1103 1790 1167; x_wconf 76' lang='lat' dir='ltr'><strong>arbitramur,</strong></span> <span class='ocrx_word' id='word_1_108' title='bbox 1806 1103 1854 1173; x_wconf 91' lang='lat' dir='ltr'><strong>qui</strong></span> 
     </span>
     <span class='ocr_line' id='line_1_9' title="bbox 186 1190 1853 1267; baseline -0.001 -16"><span class='ocrx_word' id='word_1_109' title='bbox 186 1191 191 1205; x_wconf 82' lang='grc'><em>’</em></span> <span class='ocrx_word' id='word_1_110' title='bbox 211 1207 351 1267; x_wconf 89' lang='lat' dir='ltr'><strong>pravasse,</strong></span> <span class='ocrx_word' id='word_1_111' title='bbox 369 1193 441 1250; x_wconf 87' lang='lat' dir='ltr'><strong>baec</strong></span> <span class='ocrx_word' id='word_1_112' title='bbox 462 1191 568 1264; x_wconf 92' lang='lat' dir='ltr'><strong>quidem</strong></span> <span class='ocrx_word' id='word_1_113' title='bbox 586 1193 696 1248; x_wconf 91' lang='lat' dir='ltr'><strong>omniuo</strong></span> <span class='ocrx_word' id='word_1_114' title='bbox 708 1193 797 1248; x_wconf 91' lang='lat' dir='ltr'><strong>inanis</strong></span> <span class='ocrx_word' id='word_1_115' title='bbox 809 1200 852 1249; x_wconf 91' lang='lat' dir='ltr'><strong>est</strong></span> <span class='ocrx_word' id='word_1_116' title='bbox 875 1191 1004 1264; x_wconf 86' lang='lat' dir='ltr'><strong>suspicio.</strong></span> <span class='ocrx_word' id='word_1_117' title='bbox 1057 1190 1158 1249; x_wconf 88' lang='lat' dir='ltr'><strong>lactum</strong></span> <span class='ocrx_word' id='word_1_118' title='bbox 1174 1195 1219 1260; x_wconf 88' lang='lat' dir='ltr'><strong>sit,</strong></span> <span class='ocrx_word' id='word_1_119' title='bbox 1234 1202 1264 1249; x_wconf 93' lang='lat' dir='ltr'><strong>ut</strong></span> <span class='ocrx_word' id='word_1_120' title='bbox 1281 1195 1326 1249; x_wconf 89' lang='lat' dir='ltr'><strong>alii</strong></span> <span class='ocrx_word' id='word_1_121' title='bbox 1345 1195 1545 1265; x_wconf 84' lang='lat' dir='ltr'><strong>philosophiam</strong></span> <span class='ocrx_word' id='word_1_122' title='bbox 1566 1195 1646 1252; x_wconf 89' lang='lat' dir='ltr'><strong>istam</strong></span> <span class='ocrx_word' id='word_1_123' title='bbox 1663 1194 1853 1265; x_wconf 82' lang='lat' dir='ltr'><strong>Erigeuiauam</strong></span> 
     </span>
     <span class='ocr_line' id='line_1_10' title="bbox 211 1283 1854 1360; baseline 0.001 -17"><span class='ocrx_word' id='word_1_124' title='bbox 211 1287 307 1344; x_wconf 84' lang='lat' dir='ltr'><strong>Testes</strong></span> <span class='ocrx_word' id='word_1_125' title='bbox 321 1285 361 1342; x_wconf 89' lang='lat' dir='ltr'><strong>illi</strong></span> <span class='ocrx_word' id='word_1_126' title='bbox 381 1291 458 1351; x_wconf 88' lang='lat' dir='ltr'><strong>suut,</strong></span> <span class='ocrx_word' id='word_1_127' title='bbox 476 1283 622 1348; x_wconf 88' lang='lat' dir='ltr'><strong>credimus,</strong></span> <span class='ocrx_word' id='word_1_128' title='bbox 643 1284 772 1341; x_wconf 76' lang='lat' dir='ltr'><strong>Matthias</strong></span> <span class='ocrx_word' id='word_1_129' title='bbox 789 1284 1006 1342; x_wconf 79' lang='lat' dir='ltr'><strong>westmonaste-</strong></span> <span class='ocrx_word' id='word_1_130' title='bbox 1056 1303 1137 1359; x_wconf 91' lang='lat' dir='ltr'><strong>quam</strong></span> <span class='ocrx_word' id='word_1_131' title='bbox 1153 1290 1270 1345; x_wconf 85' lang='lat' dir='ltr'><strong>maxime</strong></span> <span class='ocrx_word' id='word_1_132' title='bbox 1293 1292 1346 1347; x_wconf 93' lang='lat' dir='ltr'><strong>sint</strong></span> <span class='ocrx_word' id='word_1_133' title='bbox 1360 1291 1519 1357; x_wconf 87' lang='lat' dir='ltr'><strong>abominati,</strong></span> <span class='ocrx_word' id='word_1_134' title='bbox 1539 1289 1584 1345; x_wconf 90' lang='lat' dir='ltr'><strong>ulii</strong></span> <span class='ocrx_word' id='word_1_135' title='bbox 1598 1297 1694 1346; x_wconf 91' lang='lat' dir='ltr'><strong>contra</strong></span> <span class='ocrx_word' id='word_1_136' title='bbox 1709 1288 1854 1360; x_wconf 89' lang='lat' dir='ltr'><strong>amplexati</strong></span> 
     </span>
     <span class='ocr_line' id='line_1_11' title="bbox 208 1375 1853 1454; baseline 0.002 -20"><span class='ocrx_word' id='word_1_137' title='bbox 208 1378 309 1435; x_wconf 87' lang='lat' dir='ltr'><strong>riensis</strong></span> <span class='ocrx_word' id='word_1_138' title='bbox 322 1375 369 1450; x_wconf 91' lang='lat' dir='ltr'><strong>(ad</strong></span> <span class='ocrx_word' id='word_1_139' title='bbox 380 1391 481 1433; x_wconf 89' lang='lat' dir='ltr'><strong>anunm</strong></span> <span class='ocrx_word' id='word_1_140' title='bbox 494 1375 736 1447; x_wconf 78' lang='lat' dir='ltr'><strong>bCCCLllllell),</strong></span> <span class='ocrx_word' id='word_1_141' title='bbox 754 1385 782 1433; x_wconf 90' lang='lat' dir='ltr'><strong>et</strong></span> <span class='ocrx_word' id='word_1_142' title='bbox 795 1379 818 1433; x_wconf 88' lang='lat' dir='ltr'><strong>si</strong></span> <span class='ocrx_word' id='word_1_143' title='bbox 836 1379 883 1450; x_wconf 93' lang='lat' dir='ltr'><strong>qui</strong></span> <span class='ocrx_word' id='word_1_144' title='bbox 895 1378 964 1435; x_wconf 83' lang='lat' dir='ltr'><strong>torte</strong></span> <span class='ocrx_word' id='word_1_145' title='bbox 979 1380 1005 1435; x_wconf 91' lang='lat' dir='ltr'><strong>in</strong></span> <span class='ocrx_word' id='word_1_146' title='bbox 1056 1380 1159 1438; x_wconf 83' lang='lat' dir='ltr'><strong>suerint</strong></span> <span class='ocrx_word' id='word_1_147' title='bbox 1177 1383 1361 1454; x_wconf 89' lang='lat' dir='ltr'><strong>cupidissime.</strong></span> <span class='ocrx_word' id='word_1_148' title='bbox 1387 1384 1488 1440; x_wconf 87' lang='lat' dir='ltr'><strong>Horum</strong></span> <span class='ocrx_word' id='word_1_149' title='bbox 1512 1392 1613 1451; x_wconf 91' lang='lat' dir='ltr'><strong>autem,</strong></span> <span class='ocrx_word' id='word_1_150' title='bbox 1634 1384 1680 1454; x_wconf 93' lang='lat' dir='ltr'><strong>qui</strong></span> <span class='ocrx_word' id='word_1_151' title='bbox 1700 1382 1853 1450; x_wconf 82' lang='lat' dir='ltr'><strong>laudarent,</strong></span> 
     </span>
     <span class='ocr_line' id='line_1_12' title="bbox 206 1466 1854 1545; baseline 0.001 -19"><span class='ocrx_word' id='word_1_152' title='bbox 206 1470 289 1541; x_wconf 84' lang='lat' dir='ltr'><strong>hujus</strong></span> <span class='ocrx_word' id='word_1_153' title='bbox 307 1469 392 1525; x_wconf 89' lang='lat' dir='ltr'><strong>verba</strong></span> <span class='ocrx_word' id='word_1_154' title='bbox 410 1466 547 1537; x_wconf 84' lang='lat' dir='ltr'><strong>jurarunt.</strong></span> <span class='ocrx_word' id='word_1_155' title='bbox 565 1466 630 1533; x_wconf 90' lang='lat' dir='ltr'><strong>Sed,</strong></span> <span class='ocrx_word' id='word_1_156' title='bbox 655 1468 810 1538; x_wconf 87' lang='lat' dir='ltr'><strong>quicunque</strong></span> <span class='ocrx_word' id='word_1_157' title='bbox 825 1475 898 1535; x_wconf 92' lang='lat' dir='ltr'><strong>suut,</strong></span> <span class='ocrx_word' id='word_1_158' title='bbox 921 1484 1005 1540; x_wconf 91' lang='lat' dir='ltr'><strong>quum</strong></span> <span class='ocrx_word' id='word_1_159' title='bbox 1056 1489 1196 1539; x_wconf 91' lang='lat' dir='ltr'><strong>uumerus,</strong></span> <span class='ocrx_word' id='word_1_160' title='bbox 1211 1490 1294 1544; x_wconf 92' lang='lat' dir='ltr'><strong>quum</strong></span> <span class='ocrx_word' id='word_1_161' title='bbox 1316 1483 1424 1545; x_wconf 91' lang='lat' dir='ltr'><strong>patrum</strong></span> <span class='ocrx_word' id='word_1_162' title='bbox 1439 1481 1595 1530; x_wconf 90' lang='lat' dir='ltr'><strong>nostrornm</strong></span> <span class='ocrx_word' id='word_1_163' title='bbox 1613 1473 1744 1529; x_wconf 90' lang='lat' dir='ltr'><strong>memoria</strong></span> <span class='ocrx_word' id='word_1_164' title='bbox 1759 1473 1854 1528; x_wconf 88' lang='lat' dir='ltr'><strong>admo·</strong></span> 
     </span>
     <span class='ocr_line' id='line_1_13' title="bbox 206 1559 1856 1636; baseline -0.001 -18"><span class='ocrx_word' id='word_1_165' title='bbox 206 1561 306 1618; x_wconf 77' lang='lat' dir='ltr'><strong>riorus</strong></span> <span class='ocrx_word' id='word_1_166' title='bbox 324 1560 369 1617; x_wconf 87' lang='lat' dir='ltr'><strong>ille</strong></span> <span class='ocrx_word' id='word_1_167' title='bbox 385 1561 477 1633; x_wconf 93' lang='lat' dir='ltr'><strong>(quem</strong></span> <span class='ocrx_word' id='word_1_168' title='bbox 497 1559 800 1618; x_wconf 80' lang='lat' dir='ltr'><strong>westmonasteriensis</strong></span> <span class='ocrx_word' id='word_1_169' title='bbox 822 1581 831 1615; x_wconf 87' lang='grc' dir='ltr'>ι</span> <span class='ocrx_word' id='word_1_170' title='bbox 855 1563 1002 1636; x_wconf 74' lang='lat' dir='ltr'><strong>ignorari»</strong></span> <span class='ocrx_word' id='word_1_171' title='bbox 1056 1566 1120 1621; x_wconf 90' lang='lat' dir='ltr'><strong>dum</strong></span> <span class='ocrx_word' id='word_1_172' title='bbox 1145 1564 1259 1636; x_wconf 85' lang='lat' dir='ltr'><strong>exiguus</strong></span> <span class='ocrx_word' id='word_1_173' title='bbox 1277 1565 1390 1631; x_wconf 87' lang='lat' dir='ltr'><strong>luisset,</strong></span> <span class='ocrx_word' id='word_1_174' title='bbox 1417 1573 1509 1621; x_wconf 89' lang='lat' dir='ltr'><strong>nostra</strong></span> <span class='ocrx_word' id='word_1_175' title='bbox 1535 1572 1643 1628; x_wconf 89' lang='lat' dir='ltr'><strong>aetate,</strong></span> <span class='ocrx_word' id='word_1_176' title='bbox 1669 1578 1720 1619; x_wconf 93' lang='lat' dir='ltr'><strong>nec</strong></span> <span class='ocrx_word' id='word_1_177' title='bbox 1748 1573 1856 1633; x_wconf 90' lang='lat' dir='ltr'><strong>praeter</strong></span> 
     </span>
     <span class='ocr_line' id='line_1_14' title="bbox 206 1640 1944 1730; baseline 0.001 -21"><span class='ocrx_word' id='word_1_178' title='bbox 206 1652 361 1726; x_wconf 90' lang='lat' dir='ltr'><strong>contendit)</strong></span> <span class='ocrx_word' id='word_1_179' title='bbox 374 1667 427 1708; x_wconf 93' lang='lat' dir='ltr'><strong>non</strong></span> <span class='ocrx_word' id='word_1_180' title='bbox 437 1650 521 1707; x_wconf 89' lang='lat' dir='ltr'><strong>libros</strong></span> <span class='ocrx_word' id='word_1_181' title='bbox 532 1652 565 1708; x_wconf 93' lang='lat' dir='ltr'><strong>de</strong></span> <span class='ocrx_word' id='word_1_182' title='bbox 576 1650 697 1720; x_wconf 86' lang='lat' dir='ltr'><strong>Naturis,</strong></span> <span class='ocrx_word' id='word_1_183' title='bbox 708 1654 755 1710; x_wconf 91' lang='lat' dir='ltr'><strong>sed</strong></span> <span class='ocrx_word' id='word_1_184' title='bbox 766 1656 866 1713; x_wconf 90' lang='lat' dir='ltr'><strong>librum</strong></span> <span class='ocrx_word' id='word_1_185' title='bbox 878 1657 913 1715; x_wconf 89' lang='lat' dir='ltr'><strong>dc</strong></span> <span class='ocrx_word' id='word_1_186' title='bbox 926 1673 1006 1730; x_wconf 87' lang='lat' dir='ltr'><strong>prae·</strong></span> <span class='ocrx_word' id='word_1_187' title='bbox 1056 1670 1160 1721; x_wconf 88' lang='lat' dir='ltr'><strong>eornm,</strong></span> <span class='ocrx_word' id='word_1_188' title='bbox 1178 1656 1225 1725; x_wconf 94' lang='lat' dir='ltr'><strong>qui</strong></span> <span class='ocrx_word' id='word_1_189' title='bbox 1243 1656 1360 1727; x_wconf 87' lang='lat' dir='ltr'><strong>sapiunt,</strong></span> <span class='ocrx_word' id='word_1_190' title='bbox 1385 1655 1555 1727; x_wconf 87' lang='lat' dir='ltr'><strong>opinionem!</strong></span> <span class='ocrx_word' id='word_1_191' title='bbox 1582 1657 1701 1712; x_wconf 89' lang='lat' dir='ltr'><strong>immane</strong></span> <span class='ocrx_word' id='word_1_192' title='bbox 1723 1665 1855 1726; x_wconf 92' lang='lat' dir='ltr'><strong>quantum</strong></span> <span class='ocrx_word' id='word_1_193' title='bbox 1938 1640 1944 1651; x_wconf 52' lang='lat'>⁸</span> 
     </span>
     <span class='ocr_line' id='line_1_15' title="bbox 206 1744 1855 1820; baseline 0.002 -20"><span class='ocrx_word' id='word_1_194' title='bbox 206 1744 391 1801; x_wconf 84' lang='lat' dir='ltr'><strong>destinatione</strong></span> <span class='ocrx_word' id='word_1_195' title='bbox 410 1745 616 1817; x_wconf 77' lang='lat' dir='ltr'><strong>impugnaverit,</strong></span> <span class='ocrx_word' id='word_1_196' title='bbox 641 1747 878 1808; x_wconf 87' lang='lat' dir='ltr'><strong>vehementissime</strong></span> <span class='ocrx_word' id='word_1_197' title='bbox 895 1766 1006 1809; x_wconf 86' lang='lat' dir='ltr'><strong>errave·</strong></span> <span class='ocrx_word' id='word_1_198' title='bbox 1055 1756 1099 1803; x_wconf 77' lang='lat' dir='ltr'><strong>est</strong></span> <span class='ocrx_word' id='word_1_199' title='bbox 1123 1755 1230 1804; x_wconf 75' lang='lat' dir='ltr'><strong>auctus.</strong></span> <span class='ocrx_word' id='word_1_200' title='bbox 1256 1747 1377 1816; x_wconf 83' lang='lat' dir='ltr'><strong>erorum</strong></span> <span class='ocrx_word' id='word_1_201' title='bbox 1400 1758 1518 1819; x_wconf 91' lang='lat' dir='ltr'><strong>partem,</strong></span> <span class='ocrx_word' id='word_1_202' title='bbox 1543 1749 1589 1819; x_wconf 92' lang='lat' dir='ltr'><strong>qui</strong></span> <span class='ocrx_word' id='word_1_203' title='bbox 1613 1763 1714 1820; x_wconf 86' lang='lat' dir='ltr'><strong>operae</strong></span> <span class='ocrx_word' id='word_1_204' title='bbox 1737 1748 1855 1819; x_wconf 90' lang='lat' dir='ltr'><strong>pretium</strong></span> 
     </span>
     <span class='ocr_line' id='line_1_16' title="bbox 204 1834 1855 1914; baseline 0.003 -22"><span class='ocrx_word' id='word_1_205' title='bbox 204 1844 282 1892; x_wconf 85' lang='lat' dir='ltr'><strong>runt.</strong></span> <span class='ocrx_word' id='word_1_206' title='bbox 298 1834 357 1891; x_wconf 89' lang='lat' dir='ltr'><strong>lluc</strong></span> <span class='ocrx_word' id='word_1_207' title='bbox 374 1836 491 1902; x_wconf 86' lang='lat' dir='ltr'><strong>accedit,</strong></span> <span class='ocrx_word' id='word_1_208' title='bbox 502 1837 574 1906; x_wconf 92' lang='lat' dir='ltr'><strong>quod</strong></span> <span class='ocrx_word' id='word_1_209' title='bbox 587 1837 661 1909; x_wconf 89' lang='lat' dir='ltr'><strong>ipsos</strong></span> <span class='ocrx_word' id='word_1_210' title='bbox 678 1838 762 1897; x_wconf 90' lang='lat' dir='ltr'><strong>libros</strong></span> <span class='ocrx_word' id='word_1_211' title='bbox 773 1852 900 1899; x_wconf 88' lang='lat' dir='ltr'><strong>accurate</strong></span> <span class='ocrx_word' id='word_1_212' title='bbox 913 1846 1003 1914; x_wconf 91' lang='lat' dir='ltr'><strong>perle·</strong></span> <span class='ocrx_word' id='word_1_213' title='bbox 1056 1841 1166 1902; x_wconf 82' lang='lat' dir='ltr'><strong>duxeut</strong></span> <span class='ocrx_word' id='word_1_214' title='bbox 1188 1843 1357 1914; x_wconf 87' lang='lat' dir='ltr'><strong>cognovisse,</strong></span> <span class='ocrx_word' id='word_1_215' title='bbox 1382 1842 1463 1898; x_wconf 87' lang='lat' dir='ltr'><strong>adeat</strong></span> <span class='ocrx_word' id='word_1_216' title='bbox 1483 1842 1636 1899; x_wconf 86' lang='lat' dir='ltr'><strong>Schlueteri</strong></span> <span class='ocrx_word' id='word_1_217' title='bbox 1657 1841 1855 1912; x_wconf 83' lang='lat' dir='ltr'><strong>praelationem</strong></span> 
     </span>
     <span class='ocr_line' id='line_1_17' title="bbox 206 1918 1856 2005; baseline 0.004 -22"><span class='ocrx_word' id='word_1_218' title='bbox 206 1928 283 2001; x_wconf 89' lang='lat' dir='ltr'><strong>genti</strong></span> <span class='ocrx_word' id='word_1_219' title='bbox 293 1943 325 1984; x_wconf 89' lang='lat' dir='ltr'><strong>ea</strong></span> <span class='ocrx_word' id='word_1_220' title='bbox 336 1929 572 2001; x_wconf 88' lang='lat' dir='ltr'><strong>apparetpartium</strong></span> <span class='ocrx_word' id='word_1_221' title='bbox 585 1930 770 2001; x_wconf 82' lang='lat' dir='ltr'><strong>cohaerentia,</strong></span> <span class='ocrx_word' id='word_1_222' title='bbox 783 1933 807 1990; x_wconf 92' lang='lat' dir='ltr'><strong>is</strong></span> <span class='ocrx_word' id='word_1_223' title='bbox 817 1934 1001 1993; x_wconf 87' lang='lat' dir='ltr'><strong>olierturseu-</strong></span> <span class='ocrx_word' id='word_1_224' title='bbox 1019 1918 1081 2005; x_wconf 78' lang='lat' dir='ltr'><strong>¹3p.</strong></span> <span class='ocrx_word' id='word_1_225' title='bbox 1095 1929 1139 1989; x_wconf 92' lang='lat' dir='ltr'><strong>vvt</strong></span> <span class='ocrx_word' id='word_1_226' title='bbox 1155 1949 1213 2005; x_wconf 89' lang='lat' dir='ltr'><strong>seq.</strong></span> <span class='ocrx_word' id='word_1_227' title='bbox 1227 1935 1276 1991; x_wconf 88' lang='lat' dir='ltr'><strong>Est</strong></span> <span class='ocrx_word' id='word_1_228' title='bbox 1285 1943 1386 2000; x_wconf 80' lang='lat' dir='ltr'><strong>tamen</strong></span> <span class='ocrx_word' id='word_1_229' title='bbox 1398 1943 1428 1990; x_wconf 94' lang='lat' dir='ltr'><strong>ut</strong></span> <span class='ocrx_word' id='word_1_230' title='bbox 1444 1934 1471 1990; x_wconf 95' lang='lat' dir='ltr'><strong>in</strong></span> <span class='ocrx_word' id='word_1_231' title='bbox 1488 1943 1584 1992; x_wconf 89' lang='lat' dir='ltr'><strong>senatu</strong></span> <span class='ocrx_word' id='word_1_232' title='bbox 1596 1936 1643 1990; x_wconf 93' lang='lat' dir='ltr'><strong>illo</strong></span> <span class='ocrx_word' id='word_1_233' title='bbox 1653 1954 1710 1987; x_wconf 87' lang='grc' dir='ltr'>-ι</span> <span class='ocrx_word' id='word_1_234' title='bbox 1726 1943 1856 2005; x_wconf 89' lang='lat' dir='ltr'><strong>tanquam</strong></span> 
     </span>
     <span class='ocr_line' id='line_1_18' title="bbox 209 2023 1856 2098; baseline 0.004 -20"><span class='ocrx_word' id='word_1_235' title='bbox 209 2023 570 2085; x_wconf 79' lang='lat' dir='ltr'><strong>tentiarumnexus,utboc</strong></span> <span class='ocrx_word' id='word_1_236' title='bbox 580 2023 637 2080; x_wconf 87' lang='lat' dir='ltr'><strong>solo</strong></span> <span class='ocrx_word' id='word_1_237' title='bbox 653 2037 814 2098; x_wconf 90' lang='lat' dir='ltr'><strong>argumento</strong></span> <span class='ocrx_word' id='word_1_238' title='bbox 829 2029 948 2085; x_wconf 88' lang='lat' dir='ltr'><strong>conlisus</strong></span> <span class='ocrx_word' id='word_1_239' title='bbox 961 2031 1004 2085; x_wconf 89' lang='lat' dir='ltr'><strong>vir</strong></span> <span class='ocrx_word' id='word_1_240' title='bbox 1055 2027 1151 2084; x_wconf 86' lang='lat' dir='ltr'><strong>altiore</strong></span> <span class='ocrx_word' id='word_1_241' title='bbox 1183 2029 1279 2098; x_wconf 89' lang='lat' dir='ltr'><strong>spiritu</strong></span> <span class='ocrx_word' id='word_1_242' title='bbox 1311 2025 1401 2083; x_wconf 89' lang='lat' dir='ltr'><strong>alllato</strong></span> <span class='ocrx_word' id='word_1_243' title='bbox 1430 2047 1439 2080; x_wconf 82' lang='lat' dir='ltr'><strong>v</strong></span> <span class='ocrx_word' id='word_1_244' title='bbox 1468 2028 1609 2085; x_wconf 90' lang='lat' dir='ltr'><strong>videamus</strong></span> <span class='ocrx_word' id='word_1_245' title='bbox 1634 2044 1688 2084; x_wconf 93' lang='lat' dir='ltr'><strong>nou</strong></span> <span class='ocrx_word' id='word_1_246' title='bbox 1719 2029 1856 2084; x_wconf 90' lang='lat' dir='ltr'><strong>neminem</strong></span> 
     </span>
     <span class='ocr_line' id='line_1_19' title="bbox 208 2114 1855 2193; baseline 0.004 -28"><span class='ocrx_word' id='word_1_247' title='bbox 208 2114 402 2183; x_wconf 88' lang='lat' dir='ltr'><strong>doctissimus,</strong></span> <span class='ocrx_word' id='word_1_248' title='bbox 426 2114 553 2184; x_wconf 73' lang='lat' dir='ltr'><strong>limbus,</strong></span> <span class='ocrx_word' id='word_1_249' title='bbox 576 2117 648 2173; x_wconf 71' lang='lat' dir='ltr'><strong>iilam</strong></span> <span class='ocrx_word' id='word_1_250' title='bbox 673 2117 794 2176; x_wconf 65' lang='lat' dir='ltr'><strong>Thomas</strong></span> <span class='ocrx_word' id='word_1_251' title='bbox 818 2120 894 2177; x_wconf 65' lang='lat' dir='ltr'><strong>calep</strong></span> <span class='ocrx_word' id='word_1_252' title='bbox 916 2122 1003 2193; x_wconf 71' lang='lat' dir='ltr'><strong>snspi.</strong></span> <span class='ocrx_word' id='word_1_253' title='bbox 1055 2118 1094 2185; x_wconf 84' lang='lat' dir='ltr'><strong>(p.</strong></span> <span class='ocrx_word' id='word_1_254' title='bbox 1111 2114 1256 2187; x_wconf 81' lang='lat' dir='ltr'><strong>xli-xlii),</strong></span> <span class='ocrx_word' id='word_1_255' title='bbox 1269 2131 1348 2184; x_wconf 91' lang='lat' dir='ltr'><strong>quem</strong></span> <span class='ocrx_word' id='word_1_256' title='bbox 1362 2117 1535 2186; x_wconf 78' lang='lat' dir='ltr'><strong>supercilium</strong></span> <span class='ocrx_word' id='word_1_257' title='bbox 1549 2118 1703 2173; x_wconf 88' lang='lat' dir='ltr'><strong>eevrsorium</strong></span> <span class='ocrx_word' id='word_1_258' title='bbox 1723 2132 1855 2188; x_wconf 85' lang='lat' dir='ltr'><strong>perquam</strong></span> 
     </span>
     <span class='ocr_line' id='line_1_20' title="bbox 206 2205 1855 2283; baseline -0.001 -20"><span class='ocrx_word' id='word_1_259' title='bbox 206 2206 328 2274; x_wconf 89' lang='lat' dir='ltr'><strong>cionem,</strong></span> <span class='ocrx_word' id='word_1_260' title='bbox 344 2215 375 2262; x_wconf 90' lang='lat' dir='ltr'><strong>ul</strong></span> <span class='ocrx_word' id='word_1_261' title='bbox 386 2221 494 2274; x_wconf 85' lang='lat' dir='ltr'><strong>ranam,</strong></span> <span class='ocrx_word' id='word_1_262' title='bbox 504 2206 568 2277; x_wconf 79' lang='lat' dir='ltr'><strong>jure</strong></span> <span class='ocrx_word' id='word_1_263' title='bbox 579 2209 764 2281; x_wconf 89' lang='lat' dir='ltr'><strong>repudiaverit</strong></span> <span class='ocrx_word' id='word_1_264' title='bbox 775 2208 823 2283; x_wconf 86' lang='lat' dir='ltr'><strong>(b).</strong></span> <span class='ocrx_word' id='word_1_265' title='bbox 1056 2205 1135 2263; x_wconf 89' lang='lat' dir='ltr'><strong>lacilo</strong></span> <span class='ocrx_word' id='word_1_266' title='bbox 1159 2205 1241 2262; x_wconf 91' lang='lat' dir='ltr'><strong>istinc</strong></span> <span class='ocrx_word' id='word_1_267' title='bbox 1260 2206 1384 2262; x_wconf 91' lang='lat' dir='ltr'><strong>moverit.</strong></span> <span class='ocrx_word' id='word_1_268' title='bbox 1405 2205 1464 2261; x_wconf 80' lang='lat' dir='ltr'><strong>lam</strong></span> <span class='ocrx_word' id='word_1_269' title='bbox 1490 2222 1555 2263; x_wconf 93' lang='lat' dir='ltr'><strong>vero</strong></span> <span class='ocrx_word' id='word_1_270' title='bbox 1579 2205 1639 2262; x_wconf 91' lang='lat' dir='ltr'><strong>illos</strong></span> <span class='ocrx_word' id='word_1_271' title='bbox 1659 2208 1705 2277; x_wconf 95' lang='lat' dir='ltr'><strong>qui</strong></span> <span class='ocrx_word' id='word_1_272' title='bbox 1720 2207 1855 2277; x_wconf 90' lang='lat' dir='ltr'><strong>vitupera·</strong></span> 
     </span>
     <span class='ocr_line' id='line_1_21' title="bbox 241 2293 1851 2391; baseline -0.001 -39"><span class='ocrx_word' id='word_1_273' title='bbox 241 2299 288 2355; x_wconf 82' lang='lat' dir='ltr'><strong>liis</strong></span> <span class='ocrx_word' id='word_1_274' title='bbox 300 2299 412 2355; x_wconf 87' lang='lat' dir='ltr'><strong>omuino</strong></span> <span class='ocrx_word' id='word_1_275' title='bbox 425 2299 488 2357; x_wconf 88' lang='lat' dir='ltr'><strong>libri</strong></span> <span class='ocrx_word' id='word_1_276' title='bbox 503 2300 537 2357; x_wconf 89' lang='lat' dir='ltr'><strong>de</strong></span> <span class='ocrx_word' id='word_1_277' title='bbox 559 2302 691 2358; x_wconf 75' lang='lat' dir='ltr'><strong>divisione</strong></span> <span class='ocrx_word' id='word_1_278' title='bbox 710 2301 829 2359; x_wconf 71' lang='lat' dir='ltr'><strong>Naturae</strong></span> <span class='ocrx_word' id='word_1_279' title='bbox 853 2304 924 2376; x_wconf 73' lang='lat' dir='ltr'><strong>rypis</strong></span> <span class='ocrx_word' id='word_1_280' title='bbox 940 2313 1004 2360; x_wconf 75' lang='lat' dir='ltr'><strong>snnr</strong></span> <span class='ocrx_word' id='word_1_281' title='bbox 1055 2302 1131 2361; x_wconf 90' lang='lat' dir='ltr'><strong>runt,</strong></span> <span class='ocrx_word' id='word_1_282' title='bbox 1142 2295 1336 2351; x_wconf 85' lang='lat' dir='ltr'><strong>sicnumerare</strong></span> <span class='ocrx_word' id='word_1_283' title='bbox 1347 2293 1472 2360; x_wconf 87' lang='lat' dir='ltr'><strong>velimus,</strong></span> <span class='ocrx_word' id='word_1_284' title='bbox 1483 2295 1541 2351; x_wconf 83' lang='lat' dir='ltr'><strong>dice</strong></span> <span class='ocrx_word' id='word_1_285' title='bbox 1551 2294 1673 2366; x_wconf 84' lang='lat' dir='ltr'><strong>prolecto</strong></span> <span class='ocrx_word' id='word_1_286' title='bbox 1684 2295 1794 2351; x_wconf 82' lang='lat' dir='ltr'><strong>deficiat</strong></span> <span class='ocrx_word' id='word_1_287' title='bbox 1804 2297 1851 2391; x_wconf 70' lang='lat' dir='ltr'><strong>(e).</strong></span> 
     </span>
     <span class='ocr_line' id='line_1_22' title="bbox 203 2378 1923 2466; baseline -0.003 -20"><span class='ocrx_word' id='word_1_288' title='bbox 203 2391 358 2462; x_wconf 82' lang='lat' dir='ltr'><strong>descripti:</strong></span> <span class='ocrx_word' id='word_1_289' title='bbox 378 2391 495 2463; x_wconf 88' lang='lat' dir='ltr'><strong>primum</strong></span> <span class='ocrx_word' id='word_1_290' title='bbox 519 2407 545 2448; x_wconf 90' lang='lat' dir='ltr'><strong>a.</strong></span> <span class='ocrx_word' id='word_1_291' title='bbox 562 2392 743 2450; x_wconf 75' lang='lat' dir='ltr'><strong>hibchitxxl</strong></span> <span class='ocrx_word' id='word_1_292' title='bbox 759 2393 885 2466; x_wconf 68' lang='lat' dir='ltr'><strong>prodiere</strong></span> <span class='ocrx_word' id='word_1_293' title='bbox 905 2395 1003 2452; x_wconf 74' lang='lat' dir='ltr'><strong>onnnn</strong></span> <span class='ocrx_word' id='word_1_294' title='bbox 1055 2385 1144 2455; x_wconf 82' lang='lat' dir='ltr'><strong>Quare</strong></span> <span class='ocrx_word' id='word_1_295' title='bbox 1158 2386 1281 2444; x_wconf 85' lang='lat' dir='ltr'><strong>hocloco</strong></span> <span class='ocrx_word' id='word_1_296' title='bbox 1295 2401 1326 2444; x_wconf 88' lang='lat' dir='ltr'><strong>ca</strong></span> <span class='ocrx_word' id='word_1_297' title='bbox 1341 2394 1446 2442; x_wconf 90' lang='lat' dir='ltr'><strong>tantum</strong></span> <span class='ocrx_word' id='word_1_298' title='bbox 1466 2387 1651 2454; x_wconf 89' lang='lat' dir='ltr'><strong>narrabimus,</strong></span> <span class='ocrx_word' id='word_1_299' title='bbox 1662 2401 1733 2457; x_wconf 92' lang='lat' dir='ltr'><strong>quae</strong></span> <span class='ocrx_word' id='word_1_300' title='bbox 1748 2387 1783 2442; x_wconf 88' lang='lat' dir='ltr'><strong>ab</strong></span> <span class='ocrx_word' id='word_1_301' title='bbox 1797 2387 1854 2455; x_wconf 85' lang='lat' dir='ltr'><strong>his,</strong></span> <span class='ocrx_word' id='word_1_302' title='bbox 1917 2378 1923 2388; x_wconf 87' lang='lat'>&#39;</span> 
     </span>
     <span class='ocr_line' id='line_1_23' title="bbox 201 2477 1853 2554; baseline 0.001 -19"><span class='ocrx_word' id='word_1_303' title='bbox 201 2498 253 2554; x_wconf 83' lang='lat' dir='ltr'><strong>per</strong></span> <span class='ocrx_word' id='word_1_304' title='bbox 285 2482 418 2539; x_wconf 78' lang='lat' dir='ltr'><strong>‘rhomam</strong></span> <span class='ocrx_word' id='word_1_305' title='bbox 446 2482 583 2551; x_wconf 74' lang='lat' dir='ltr'><strong>Galenus,</strong></span> <span class='ocrx_word' id='word_1_306' title='bbox 612 2483 809 2553; x_wconf 76' lang='lat' dir='ltr'><strong>0xoniensern3</strong></span> <span class='ocrx_word' id='word_1_307' title='bbox 846 2487 941 2543; x_wconf 76' lang='lat' dir='ltr'><strong>deinde</strong></span> <span class='ocrx_word' id='word_1_308' title='bbox 975 2503 1001 2542; x_wconf 79' lang='lat' dir='ltr'><strong>a.</strong></span> <span class='ocrx_word' id='word_1_309' title='bbox 1055 2479 1101 2552; x_wconf 83' lang='lat' dir='ltr'><strong>qui</strong></span> <span class='ocrx_word' id='word_1_310' title='bbox 1116 2478 1150 2534; x_wconf 89' lang='lat' dir='ltr'><strong>ad</strong></span> <span class='ocrx_word' id='word_1_311' title='bbox 1170 2477 1200 2536; x_wconf 86' lang='lat' dir='ltr'><strong>S.</strong></span> <span class='ocrx_word' id='word_1_312' title='bbox 1220 2478 1359 2537; x_wconf 81' lang='lat' dir='ltr'><strong>Ecclesiae</strong></span> <span class='ocrx_word' id='word_1_313' title='bbox 1382 2489 1474 2535; x_wconf 89' lang='lat' dir='ltr'><strong>nostra</strong></span> <span class='ocrx_word' id='word_1_314' title='bbox 1491 2480 1673 2551; x_wconf 90' lang='lat' dir='ltr'><strong>gubernacula</strong></span> <span class='ocrx_word' id='word_1_315' title='bbox 1694 2478 1853 2548; x_wconf 86' lang='lat' dir='ltr'><strong>consedere,</strong></span> 
     </span>
     <span class='ocr_line' id='line_1_24' title="bbox 203 2568 1631 2647; baseline 0.002 -19"><span class='ocrx_word' id='word_1_316' title='bbox 203 2570 456 2630; x_wconf 82' lang='lat' dir='ltr'><strong>ttucccmtttl</strong></span> <span class='ocrx_word' id='word_1_317' title='bbox 478 2572 636 2631; x_wconf 87' lang='lat' dir='ltr'><strong>llonasterii</strong></span> <span class='ocrx_word' id='word_1_318' title='bbox 666 2571 893 2645; x_wconf 84' lang='lat' dir='ltr'><strong>Guestphalorum</strong></span> <span class='ocrx_word' id='word_1_319' title='bbox 919 2591 1003 2647; x_wconf 88' lang='lat' dir='ltr'><strong>opera</strong></span> <span class='ocrx_word' id='word_1_320' title='bbox 1055 2569 1187 2626; x_wconf 68' lang='lat' dir='ltr'><strong>adversus</strong></span> <span class='ocrx_word' id='word_1_321' title='bbox 1199 2569 1283 2626; x_wconf 72' lang='lat' dir='ltr'><strong>libros</strong></span> <span class='ocrx_word' id='word_1_322' title='bbox 1297 2571 1331 2626; x_wconf 75' lang='lat' dir='ltr'><strong>de</strong></span> <span class='ocrx_word' id='word_1_323' title='bbox 1342 2568 1455 2626; x_wconf 87' lang='lat' dir='ltr'><strong>Naturis</strong></span> <span class='ocrx_word' id='word_1_324' title='bbox 1470 2579 1545 2643; x_wconf 72' lang='lat' dir='ltr'><strong>gesta</strong></span> <span class='ocrx_word' id='word_1_325' title='bbox 1556 2580 1631 2628; x_wconf 86' lang='lat' dir='ltr'><strong>suut.</strong></span> 
     </span>
     <span class='ocr_line' id='line_1_25' title="bbox 205 2659 1855 2734; baseline -0.002 -11"><span class='ocrx_word' id='word_1_326' title='bbox 205 2664 238 2723; x_wconf 84' lang='lat' dir='ltr'><strong>G.</strong></span> <span class='ocrx_word' id='word_1_327' title='bbox 263 2666 295 2721; x_wconf 88' lang='lat' dir='ltr'><strong>B.</strong></span> <span class='ocrx_word' id='word_1_328' title='bbox 321 2663 485 2733; x_wconf 82' lang='lat' dir='ltr'><strong>Schlueteri,</strong></span> <span class='ocrx_word' id='word_1_329' title='bbox 505 2664 735 2723; x_wconf 86' lang='lat' dir='ltr'><strong>llonasteriensis.</strong></span> <span class='ocrx_word' id='word_1_330' title='bbox 757 2665 897 2724; x_wconf 83' lang='lat' dir='ltr'><strong>Posterior</strong></span> <span class='ocrx_word' id='word_1_331' title='bbox 920 2669 1003 2726; x_wconf 72' lang='lat' dir='ltr'><strong>edisio</strong></span> <span class='ocrx_word' id='word_1_332' title='bbox 1089 2659 1153 2717; x_wconf 78' lang='lat' dir='ltr'><strong>uuit</strong></span> <span class='ocrx_word' id='word_1_333' title='bbox 1168 2661 1373 2732; x_wconf 89' lang='lat' dir='ltr'><strong>igituriueunte</strong></span> <span class='ocrx_word' id='word_1_334' title='bbox 1395 2663 1504 2719; x_wconf 85' lang='lat' dir='ltr'><strong>saeculo</strong></span> <span class='ocrx_word' id='word_1_335' title='bbox 1524 2660 1591 2728; x_wconf 85' lang='lat' dir='ltr'><strong>ltltt,</strong></span> <span class='ocrx_word' id='word_1_336' title='bbox 1607 2678 1689 2734; x_wconf 91' lang='lat' dir='ltr'><strong>quum</strong></span> <span class='ocrx_word' id='word_1_337' title='bbox 1703 2663 1855 2720; x_wconf 78' lang='lat' dir='ltr'><strong>Amalricus</strong></span> 
     </span>
     <span class='ocr_line' id='line_1_26' title="bbox 204 2751 1854 2831; baseline -0.001 -17"><span class='ocrx_word' id='word_1_338' title='bbox 204 2767 321 2831; x_wconf 91' lang='lat' dir='ltr'><strong>propter</strong></span> <span class='ocrx_word' id='word_1_339' title='bbox 343 2757 544 2814; x_wconf 90' lang='lat' dir='ltr'><strong>multitudinem</strong></span> <span class='ocrx_word' id='word_1_340' title='bbox 564 2757 736 2826; x_wconf 90' lang='lat' dir='ltr'><strong>mendorum,</strong></span> <span class='ocrx_word' id='word_1_341' title='bbox 748 2774 863 2831; x_wconf 92' lang='lat' dir='ltr'><strong>quorum</strong></span> <span class='ocrx_word' id='word_1_342' title='bbox 876 2775 910 2817; x_wconf 92' lang='lat' dir='ltr'><strong>ne</strong></span> <span class='ocrx_word' id='word_1_343' title='bbox 921 2760 1003 2818; x_wconf 83' lang='lat' dir='ltr'><strong>index</strong></span> <span class='ocrx_word' id='word_1_344' title='bbox 1056 2753 1199 2819; x_wconf 71' lang='lat' dir='ltr'><strong>benensis,</strong></span> <span class='ocrx_word' id='word_1_345' title='bbox 1210 2751 1294 2809; x_wconf 69' lang='lat' dir='ltr'><strong>David</strong></span> <span class='ocrx_word' id='word_1_346' title='bbox 1309 2753 1343 2809; x_wconf 76' lang='lat' dir='ltr'><strong>de</strong></span> <span class='ocrx_word' id='word_1_347' title='bbox 1358 2753 1483 2810; x_wconf 77' lang='lat' dir='ltr'><strong>Dinando</strong></span> <span class='ocrx_word' id='word_1_348' title='bbox 1500 2754 1535 2825; x_wconf 73' lang='lat' dir='ltr'><strong>(s.</strong></span> <span class='ocrx_word' id='word_1_349' title='bbox 1558 2752 1686 2825; x_wconf 83' lang='lat' dir='ltr'><strong>binanto)</strong></span> <span class='ocrx_word' id='word_1_350' title='bbox 1702 2753 1854 2823; x_wconf 75' lang='lat' dir='ltr'><strong>horumque</strong></span> 
     </span>
     <span class='ocr_line' id='line_1_27' title="bbox 204 2844 1855 2923; baseline -0.003 -18"><span class='ocrx_word' id='word_1_351' title='bbox 204 2850 315 2922; x_wconf 91' lang='lat' dir='ltr'><strong>quidem</strong></span> <span class='ocrx_word' id='word_1_352' title='bbox 325 2848 449 2922; x_wconf 76' lang='lat' dir='ltr'><strong>adlectus</strong></span> <span class='ocrx_word' id='word_1_353' title='bbox 457 2857 509 2914; x_wconf 89' lang='lat' dir='ltr'><strong>cst,</strong></span> <span class='ocrx_word' id='word_1_354' title='bbox 522 2848 607 2922; x_wconf 91' lang='lat' dir='ltr'><strong>priori</strong></span> <span class='ocrx_word' id='word_1_355' title='bbox 620 2847 699 2921; x_wconf 91' lang='lat' dir='ltr'><strong>longe</strong></span> <span class='ocrx_word' id='word_1_356' title='bbox 707 2858 750 2907; x_wconf 86' lang='lat' dir='ltr'><strong>est</strong></span> <span class='ocrx_word' id='word_1_357' title='bbox 758 2851 943 2921; x_wconf 88' lang='lat' dir='ltr'><strong>postponenda</strong></span> <span class='ocrx_word' id='word_1_358' title='bbox 954 2851 1001 2923; x_wconf 83' lang='lat' dir='ltr'><strong>(c).</strong></span> <span class='ocrx_word' id='word_1_359' title='bbox 1055 2845 1161 2917; x_wconf 90' lang='lat' dir='ltr'><strong>reliqua</strong></span> <span class='ocrx_word' id='word_1_360' title='bbox 1188 2845 1266 2900; x_wconf 92' lang='lat' dir='ltr'><strong>turba</strong></span> <span class='ocrx_word' id='word_1_361' title='bbox 1287 2847 1370 2901; x_wconf 84' lang='lat' dir='ltr'><strong>totius</strong></span> <span class='ocrx_word' id='word_1_362' title='bbox 1385 2844 1487 2902; x_wconf 85' lang='lat' dir='ltr'><strong>Galliae</strong></span> <span class='ocrx_word' id='word_1_363' title='bbox 1507 2844 1655 2901; x_wconf 87' lang='lat' dir='ltr'><strong>Ecclesiam</strong></span> <span class='ocrx_word' id='word_1_364' title='bbox 1673 2845 1855 2901; x_wconf 87' lang='lat' dir='ltr'><strong>vehementis·</strong></span> 
     </span>
     <span class='ocr_line' id='line_1_28' title="bbox 229 2934 1854 3011; baseline -0.002 -12"><span class='ocrx_word' id='word_1_365' title='bbox 229 2939 363 2999; x_wconf 70' lang='lat' dir='ltr'><strong>Externa</strong></span> <span class='ocrx_word' id='word_1_366' title='bbox 377 2940 528 2999; x_wconf 85' lang='lat' dir='ltr'><strong>disserendi</strong></span> <span class='ocrx_word' id='word_1_367' title='bbox 539 2939 638 3007; x_wconf 87' lang='lat' dir='ltr'><strong>torma,</strong></span> <span class='ocrx_word' id='word_1_368' title='bbox 653 2955 706 3011; x_wconf 85' lang='lat' dir='ltr'><strong>qua</strong></span> <span class='ocrx_word' id='word_1_369' title='bbox 717 2939 815 2997; x_wconf 85' lang='lat' dir='ltr'><strong>scotus</strong></span> <span class='ocrx_word' id='word_1_370' title='bbox 829 2942 872 2997; x_wconf 91' lang='lat' dir='ltr'><strong>his</strong></span> <span class='ocrx_word' id='word_1_371' title='bbox 885 2942 913 2997; x_wconf 92' lang='lat' dir='ltr'><strong>in</strong></span> <span class='ocrx_word' id='word_1_372' title='bbox 926 2941 1003 2998; x_wconf 82' lang='lat' dir='ltr'><strong>libris</strong></span> <span class='ocrx_word' id='word_1_373' title='bbox 1055 2936 1125 2992; x_wconf 90' lang='lat' dir='ltr'><strong>sime</strong></span> <span class='ocrx_word' id='word_1_374' title='bbox 1141 2934 1287 2991; x_wconf 82' lang='lat' dir='ltr'><strong>vexabant.</strong></span> <span class='ocrx_word' id='word_1_375' title='bbox 1312 2935 1468 2990; x_wconf 87' lang='lat' dir='ltr'><strong>bootrinam</strong></span> <span class='ocrx_word' id='word_1_376' title='bbox 1491 2950 1580 2999; x_wconf 79' lang='lat' dir='ltr'><strong>suam.</strong></span> <span class='ocrx_word' id='word_1_377' title='bbox 1600 2943 1734 3004; x_wconf 62' lang='lat' dir='ltr'><strong>queuntis</strong></span> <span class='ocrx_word' id='word_1_378' title='bbox 1751 2950 1854 2992; x_wconf 83' lang='lat' dir='ltr'><strong>mentu-</strong></span> 
     </span>
     <span class='ocr_line' id='line_1_29' title="bbox 205 3025 1854 3107; baseline -0.005 -14"><span class='ocrx_word' id='word_1_379' title='bbox 205 3035 303 3102; x_wconf 86' lang='lat' dir='ltr'><strong>utitur,</strong></span> <span class='ocrx_word' id='word_1_380' title='bbox 321 3041 364 3092; x_wconf 87' lang='lat' dir='ltr'><strong>est</strong></span> <span class='ocrx_word' id='word_1_381' title='bbox 381 3033 479 3106; x_wconf 75' lang='lat' dir='ltr'><strong>dialogi</strong></span> <span class='ocrx_word' id='word_1_382' title='bbox 494 3035 681 3107; x_wconf 85' lang='lat' dir='ltr'><strong>:magistrum</strong></span> <span class='ocrx_word' id='word_1_383' title='bbox 704 3035 852 3092; x_wconf 87' lang='lat' dir='ltr'><strong>enimcum</strong></span> <span class='ocrx_word' id='word_1_384' title='bbox 872 3035 1003 3106; x_wconf 87' lang='lat' dir='ltr'><strong>discipulo</strong></span> <span class='ocrx_word' id='word_1_385' title='bbox 1056 3027 1113 3082; x_wconf 88' lang='lat' dir='ltr'><strong>riae</strong></span> <span class='ocrx_word' id='word_1_386' title='bbox 1135 3034 1178 3082; x_wconf 90' lang='lat' dir='ltr'><strong>est</strong></span> <span class='ocrx_word' id='word_1_387' title='bbox 1191 3026 1340 3096; x_wconf 92' lang='lat' dir='ltr'><strong>proditum,</strong></span> <span class='ocrx_word' id='word_1_388' title='bbox 1357 3025 1416 3083; x_wconf 85' lang='lat' dir='ltr'><strong>lere</strong></span> <span class='ocrx_word' id='word_1_389' title='bbox 1430 3026 1544 3083; x_wconf 87' lang='lat' dir='ltr'><strong>loannis</strong></span> <span class='ocrx_word' id='word_1_390' title='bbox 1557 3027 1630 3084; x_wconf 87' lang='lat' dir='ltr'><strong>Scoti</strong></span> <span class='ocrx_word' id='word_1_391' title='bbox 1653 3026 1725 3091; x_wconf 81' lang='lat' dir='ltr'><strong>libro</strong></span> <span class='ocrx_word' id='word_1_392' title='bbox 1742 3028 1773 3084; x_wconf 88' lang='lat' dir='ltr'><strong>de</strong></span> <span class='ocrx_word' id='word_1_393' title='bbox 1787 3028 1854 3084; x_wconf 91' lang='lat' dir='ltr'><strong>divi·</strong></span> 
     </span>
     <span class='ocr_line' id='line_1_30' title="bbox 206 3117 1853 3203; baseline -0.002 -21"><span class='ocrx_word' id='word_1_394' title='bbox 206 3123 408 3203; x_wconf 81' lang='lat' dir='ltr'><strong>colloquentem</strong></span> <span class='ocrx_word' id='word_1_395' title='bbox 416 3122 517 3193; x_wconf 70' lang='lat' dir='ltr'><strong>buxin</strong></span> <span class='ocrx_word' id='word_1_396' title='bbox 535 3125 686 3196; x_wconf 87' lang='lat' dir='ltr'><strong>horumque</strong></span> <span class='ocrx_word' id='word_1_397' title='bbox 704 3126 876 3183; x_wconf 80' lang='lat' dir='ltr'><strong>sermonibus</strong></span> <span class='ocrx_word' id='word_1_398' title='bbox 891 3126 1003 3182; x_wconf 75' lang='lat' dir='ltr'><strong>alternis</strong></span> <span class='ocrx_word' id='word_1_399' title='bbox 1055 3118 1132 3174; x_wconf 87' lang='lat' dir='ltr'><strong>sione</strong></span> <span class='ocrx_word' id='word_1_400' title='bbox 1145 3117 1265 3175; x_wconf 82' lang='lat' dir='ltr'><strong>Naturae</strong></span> <span class='ocrx_word' id='word_1_401' title='bbox 1279 3118 1425 3175; x_wconf 87' lang='lat' dir='ltr'><strong>debebant.</strong></span> <span class='ocrx_word' id='word_1_402' title='bbox 1438 3118 1588 3177; x_wconf 84' lang='lat' dir='ltr'><strong>Gersouins</strong></span> <span class='ocrx_word' id='word_1_403' title='bbox 1605 3120 1725 3190; x_wconf 88' lang='lat' dir='ltr'><strong>quidem,</strong></span> <span class='ocrx_word' id='word_1_404' title='bbox 1742 3121 1784 3177; x_wconf 92' lang='lat' dir='ltr'><strong>vir</strong></span> <span class='ocrx_word' id='word_1_405' title='bbox 1802 3120 1853 3179; x_wconf 92' lang='lat' dir='ltr'><strong>do-</strong></span> 
     </span>
     <span class='ocr_line' id='line_1_31' title="bbox 205 3206 1855 3288; baseline -0.001 -16"><span class='ocrx_word' id='word_1_406' title='bbox 205 3224 294 3272; x_wconf 86' lang='lat' dir='ltr'><strong>totam</strong></span> <span class='ocrx_word' id='word_1_407' title='bbox 319 3206 527 3287; x_wconf 81' lang='lat' dir='ltr'><strong>diapdlationem</strong></span> <span class='ocrx_word' id='word_1_408' title='bbox 548 3215 601 3273; x_wconf 89' lang='lat' dir='ltr'><strong>rite</strong></span> <span class='ocrx_word' id='word_1_409' title='bbox 622 3215 739 3272; x_wconf 89' lang='lat' dir='ltr'><strong>deducit.</strong></span> <span class='ocrx_word' id='word_1_410' title='bbox 761 3215 796 3274; x_wconf 86' lang='lat' dir='ltr'><strong>Ut</strong></span> <span class='ocrx_word' id='word_1_411' title='bbox 811 3215 951 3288; x_wconf 89' lang='lat' dir='ltr'><strong>magister,</strong></span> <span class='ocrx_word' id='word_1_412' title='bbox 966 3216 1001 3270; x_wconf 91' lang='lat' dir='ltr'><strong>ita</strong></span> <span class='ocrx_word' id='word_1_413' title='bbox 1055 3211 1203 3278; x_wconf 89' lang='lat' dir='ltr'><strong>ctissimus,</strong></span> <span class='ocrx_word' id='word_1_414' title='bbox 1218 3211 1337 3268; x_wconf 91' lang='lat' dir='ltr'><strong>univers.</strong></span> <span class='ocrx_word' id='word_1_415' title='bbox 1352 3210 1439 3270; x_wconf 82' lang='lat' dir='ltr'><strong>Paris.</strong></span> <span class='ocrx_word' id='word_1_416' title='bbox 1456 3213 1580 3278; x_wconf 72' lang='lat' dir='ltr'><strong>cancell,</strong></span> <span class='ocrx_word' id='word_1_417' title='bbox 1595 3213 1663 3269; x_wconf 88' lang='lat' dir='ltr'><strong>haec</strong></span> <span class='ocrx_word' id='word_1_418' title='bbox 1673 3212 1800 3270; x_wconf 90' lang='lat' dir='ltr'><strong>docuisse</strong></span> <span class='ocrx_word' id='word_1_419' title='bbox 1815 3215 1855 3271; x_wconf 89' lang='lat' dir='ltr'><strong>ait</strong></span> 
     </span>
     <span class='ocr_line' id='line_1_32' title="bbox 205 3295 1852 3380; baseline -0.002 -16"><span class='ocrx_word' id='word_1_420' title='bbox 205 3304 356 3379; x_wconf 87' lang='lat' dir='ltr'><strong>discipulus</strong></span> <span class='ocrx_word' id='word_1_421' title='bbox 365 3320 438 3362; x_wconf 90' lang='lat' dir='ltr'><strong>nuuc</strong></span> <span class='ocrx_word' id='word_1_422' title='bbox 449 3307 606 3380; x_wconf 88' lang='lat' dir='ltr'><strong>interrogat,</strong></span> <span class='ocrx_word' id='word_1_423' title='bbox 623 3323 695 3365; x_wconf 90' lang='lat' dir='ltr'><strong>nunc</strong></span> <span class='ocrx_word' id='word_1_424' title='bbox 706 3308 902 3379; x_wconf 89' lang='lat' dir='ltr'><strong>interrogatur;</strong></span> <span class='ocrx_word' id='word_1_425' title='bbox 917 3316 998 3378; x_wconf 87' lang='lat' dir='ltr'><strong>atque</strong></span> <span class='ocrx_word' id='word_1_426' title='bbox 1011 3295 1035 3360; x_wconf 81' lang='lat' dir='ltr'>C</span> <span class='ocrx_word' id='word_1_427' title='bbox 1049 3302 1217 3364; x_wconf 71' lang='lat' dir='ltr'><strong>amalricum</strong></span> <span class='ocrx_word' id='word_1_428' title='bbox 1230 3303 1279 3376; x_wconf 72' lang='lat' dir='ltr'><strong>ql:</strong></span> <span class='ocrx_word' id='word_1_429' title='bbox 1297 3321 1307 3356; x_wconf 82' lang='grc' dir='ltr'>ι</span> <span class='ocrx_word' id='word_1_430' title='bbox 1326 3300 1424 3360; x_wconf 87' lang='lat' dir='ltr'><strong>Omnia</strong></span> <span class='ocrx_word' id='word_1_431' title='bbox 1436 3312 1499 3361; x_wconf 90' lang='lat' dir='ltr'><strong>suut</strong></span> <span class='ocrx_word' id='word_1_432' title='bbox 1513 3304 1585 3360; x_wconf 81' lang='lat' dir='ltr'><strong>heus</strong></span> <span class='ocrx_word' id='word_1_433' title='bbox 1598 3303 1686 3361; x_wconf 85' lang='lat' dir='ltr'><strong>:heus</strong></span> <span class='ocrx_word' id='word_1_434' title='bbox 1704 3313 1733 3361; x_wconf 90' lang='lat' dir='ltr'><strong>et</strong></span> <span class='ocrx_word' id='word_1_435' title='bbox 1750 3305 1852 3361; x_wconf 90' lang='lat' dir='ltr'><strong>omnia.</strong></span> 
     </span>
     <span class='ocr_line' id='line_1_33' title="bbox 203 3394 1854 3471; baseline -0.002 -15"><span class='ocrx_word' id='word_1_436' title='bbox 203 3398 261 3466; x_wconf 88' lang='lat' dir='ltr'><strong>ille,</strong></span> <span class='ocrx_word' id='word_1_437' title='bbox 273 3396 337 3455; x_wconf 89' lang='lat' dir='ltr'><strong>dum</strong></span> <span class='ocrx_word' id='word_1_438' title='bbox 347 3395 472 3455; x_wconf 84' lang='lat' dir='ltr'><strong>altiorem</strong></span> <span class='ocrx_word' id='word_1_439' title='bbox 483 3412 516 3456; x_wconf 89' lang='lat' dir='ltr'><strong>ac</strong></span> <span class='ocrx_word' id='word_1_440' title='bbox 525 3397 732 3470; x_wconf 89' lang='lat' dir='ltr'><strong>speculativam,</strong></span> <span class='ocrx_word' id='word_1_441' title='bbox 746 3414 827 3471; x_wconf 93' lang='lat' dir='ltr'><strong>quam</strong></span> <span class='ocrx_word' id='word_1_442' title='bbox 839 3399 1000 3466; x_wconf 78' lang='lat' dir='ltr'><strong>vocitamus,</strong></span> <span class='ocrx_word' id='word_1_443' title='bbox 1055 3394 1168 3452; x_wconf 81' lang='lat' dir='ltr'><strong>creator</strong></span> <span class='ocrx_word' id='word_1_444' title='bbox 1187 3403 1217 3451; x_wconf 90' lang='lat' dir='ltr'><strong>el</strong></span> <span class='ocrx_word' id='word_1_445' title='bbox 1235 3402 1361 3452; x_wconf 89' lang='lat' dir='ltr'><strong>creatura</strong></span> <span class='ocrx_word' id='word_1_446' title='bbox 1384 3397 1455 3454; x_wconf 93' lang='lat' dir='ltr'><strong>idem</strong></span> <span class='ocrx_word' id='word_1_447' title='bbox 1481 3404 1554 3453; x_wconf 91' lang='lat' dir='ltr'><strong>sunt.</strong></span> <span class='ocrx_word' id='word_1_448' title='bbox 1580 3397 1651 3453; x_wconf 81' lang='lat' dir='ltr'><strong>licus</strong></span> <span class='ocrx_word' id='word_1_449' title='bbox 1670 3397 1732 3455; x_wconf 89' lang='lat' dir='ltr'><strong>ideo</strong></span> <span class='ocrx_word' id='word_1_450' title='bbox 1754 3399 1854 3455; x_wconf 90' lang='lat' dir='ltr'><strong>dicitur</strong></span> 
     </span>
     <span class='ocr_line' id='line_1_34' title="bbox 201 3487 1852 3563; baseline 0 -15"><span class='ocrx_word' id='word_1_451' title='bbox 201 3489 392 3563; x_wconf 87' lang='lat' dir='ltr'><strong>philosophiae</strong></span> <span class='ocrx_word' id='word_1_452' title='bbox 417 3489 623 3562; x_wconf 70' lang='lat' dir='ltr'><strong>theologiaeque</strong></span> <span class='ocrx_word' id='word_1_453' title='bbox 647 3491 829 3563; x_wconf 90' lang='lat' dir='ltr'><strong>cognitionem</strong></span> <span class='ocrx_word' id='word_1_454' title='bbox 848 3489 1001 3562; x_wconf 85' lang='lat' dir='ltr'><strong>exceperis,</strong></span> <span class='ocrx_word' id='word_1_455' title='bbox 1054 3487 1262 3554; x_wconf 90' lang='lat' dir='ltr'><strong>tinisomnium,</strong></span> <span class='ocrx_word' id='word_1_456' title='bbox 1277 3487 1350 3558; x_wconf 90' lang='lat' dir='ltr'><strong>quod</strong></span> <span class='ocrx_word' id='word_1_457' title='bbox 1364 3488 1456 3545; x_wconf 89' lang='lat' dir='ltr'><strong>omnia</strong></span> <span class='ocrx_word' id='word_1_458' title='bbox 1472 3504 1614 3545; x_wconf 89' lang='lat' dir='ltr'><strong>reversura</strong></span> <span class='ocrx_word' id='word_1_459' title='bbox 1629 3490 1733 3547; x_wconf 88' lang='lat' dir='ltr'><strong>suntin</strong></span> <span class='ocrx_word' id='word_1_460' title='bbox 1753 3491 1852 3563; x_wconf 90' lang='lat' dir='ltr'><strong>ipsum,</strong></span> 
     </span>
     <span class='ocr_line' id='line_1_35' title="bbox 201 3577 1855 3653; baseline -0.001 -13"><span class='ocrx_word' id='word_1_461' title='bbox 201 3584 250 3642; x_wconf 80' lang='lat' dir='ltr'><strong>vix</strong></span> <span class='ocrx_word' id='word_1_462' title='bbox 266 3599 322 3641; x_wconf 92' lang='lat' dir='ltr'><strong>una</strong></span> <span class='ocrx_word' id='word_1_463' title='bbox 339 3581 434 3641; x_wconf 87' lang='lat' dir='ltr'><strong>schola</strong></span> <span class='ocrx_word' id='word_1_464' title='bbox 448 3580 502 3638; x_wconf 91' lang='lat' dir='ltr'><strong>dlci</strong></span> <span class='ocrx_word' id='word_1_465' title='bbox 514 3590 597 3653; x_wconf 89' lang='lat' dir='ltr'><strong>queat</strong></span> <span class='ocrx_word' id='word_1_466' title='bbox 612 3583 725 3639; x_wconf 90' lang='lat' dir='ltr'><strong>doctior.</strong></span> <span class='ocrx_word' id='word_1_467' title='bbox 1054 3584 1085 3632; x_wconf 95' lang='lat' dir='ltr'><strong>ut</strong></span> <span class='ocrx_word' id='word_1_468' title='bbox 1099 3577 1127 3632; x_wconf 92' lang='lat' dir='ltr'><strong>in</strong></span> <span class='ocrx_word' id='word_1_469' title='bbox 1140 3592 1173 3634; x_wconf 89' lang='lat' dir='ltr'><strong>eo</strong></span> <span class='ocrx_word' id='word_1_470' title='bbox 1188 3578 1398 3636; x_wconf 88' lang='lat' dir='ltr'><strong>immutabiliter</strong></span> <span class='ocrx_word' id='word_1_471' title='bbox 1414 3581 1629 3650; x_wconf 89' lang='lat' dir='ltr'><strong>conquiescant:</strong></span> <span class='ocrx_word' id='word_1_472' title='bbox 1643 3588 1673 3638; x_wconf 91' lang='lat' dir='ltr'><strong>et</strong></span> <span class='ocrx_word' id='word_1_473' title='bbox 1687 3598 1769 3640; x_wconf 90' lang='lat' dir='ltr'><strong>unum</strong></span> <span class='ocrx_word' id='word_1_474' title='bbox 1784 3583 1855 3641; x_wconf 90' lang='lat' dir='ltr'><strong>iudi-</strong></span> 
     </span>
     <span class='ocr_line' id='line_1_36' title="bbox 238 3662 1854 3746; baseline -0.001 -14"><span class='ocrx_word' id='word_1_475' title='bbox 238 3677 278 3732; x_wconf 86' lang='lat' dir='ltr'><strong>be</strong></span> <span class='ocrx_word' id='word_1_476' title='bbox 291 3675 375 3732; x_wconf 86' lang='lat' dir='ltr'><strong>totius</strong></span> <span class='ocrx_word' id='word_1_477' title='bbox 389 3673 481 3746; x_wconf 86' lang='lat' dir='ltr'><strong>operis</strong></span> <span class='ocrx_word' id='word_1_478' title='bbox 490 3662 652 3745; x_wconf 86' lang='lat' dir='ltr'><strong>argumento</strong></span> <span class='ocrx_word' id='word_1_479' title='bbox 664 3682 746 3744; x_wconf 90' lang='lat' dir='ltr'><strong>atquc</strong></span> <span class='ocrx_word' id='word_1_480' title='bbox 758 3672 859 3740; x_wconf 89' lang='lat' dir='ltr'><strong>indole,</strong></span> <span class='ocrx_word' id='word_1_481' title='bbox 873 3673 1003 3743; x_wconf 87' lang='lat' dir='ltr'><strong>quoniam</strong></span> <span class='ocrx_word' id='word_1_482' title='bbox 1052 3668 1164 3726; x_wconf 79' lang='lat' dir='ltr'><strong>viduum</strong></span> <span class='ocrx_word' id='word_1_483' title='bbox 1193 3678 1275 3741; x_wconf 91' lang='lat' dir='ltr'><strong>atque</strong></span> <span class='ocrx_word' id='word_1_484' title='bbox 1298 3671 1519 3727; x_wconf 89' lang='lat' dir='ltr'><strong>incommutabile</strong></span> <span class='ocrx_word' id='word_1_485' title='bbox 1545 3673 1751 3743; x_wconf 82' lang='lat' dir='ltr'><strong>permanebunt.</strong></span> <span class='ocrx_word' id='word_1_486' title='bbox 1777 3672 1854 3732; x_wconf 89' lang='lat' dir='ltr'><strong>Siout</strong></span> 
     </span>
     <span class='ocr_line' id='line_1_37' title="bbox 202 3761 1854 3842; baseline -0.003 -15"><span class='ocrx_word' id='word_1_487' title='bbox 202 3770 231 3827; x_wconf 90' lang='lat' dir='ltr'><strong>iu</strong></span> <span class='ocrx_word' id='word_1_488' title='bbox 246 3767 332 3826; x_wconf 87' lang='lat' dir='ltr'><strong>altera</strong></span> <span class='ocrx_word' id='word_1_489' title='bbox 343 3776 454 3824; x_wconf 87' lang='lat' dir='ltr'><strong>nostrae</strong></span> <span class='ocrx_word' id='word_1_490' title='bbox 471 3767 628 3838; x_wconf 85' lang='lat' dir='ltr'><strong>scriptionis</strong></span> <span class='ocrx_word' id='word_1_491' title='bbox 639 3776 716 3839; x_wconf 89' lang='lat' dir='ltr'><strong>parte</strong></span> <span class='ocrx_word' id='word_1_492' title='bbox 732 3769 842 3841; x_wconf 91' lang='lat' dir='ltr'><strong>proprie</strong></span> <span class='ocrx_word' id='word_1_493' title='bbox 858 3769 1001 3842; x_wconf 73' lang='lat' dir='ltr'><strong>disputan.</strong></span> <span class='ocrx_word' id='word_1_494' title='bbox 1052 3761 1193 3818; x_wconf 76' lang='lat' dir='ltr'><strong>Abrabam</strong></span> <span class='ocrx_word' id='word_1_495' title='bbox 1210 3771 1238 3819; x_wconf 91' lang='lat' dir='ltr'><strong>et</strong></span> <span class='ocrx_word' id='word_1_496' title='bbox 1256 3762 1332 3820; x_wconf 91' lang='lat' dir='ltr'><strong>lsaac</strong></span> <span class='ocrx_word' id='word_1_497' title='bbox 1354 3764 1435 3819; x_wconf 92' lang='lat' dir='ltr'><strong>unius</strong></span> <span class='ocrx_word' id='word_1_498' title='bbox 1453 3763 1572 3832; x_wconf 74' lang='lat' dir='ltr'><strong>ciusdem</strong></span> <span class='ocrx_word' id='word_1_499' title='bbox 1595 3773 1700 3821; x_wconf 83' lang='lat' dir='ltr'><strong>naturae</strong></span> <span class='ocrx_word' id='word_1_500' title='bbox 1721 3774 1796 3832; x_wconf 91' lang='lat' dir='ltr'><strong>sunt,</strong></span> <span class='ocrx_word' id='word_1_501' title='bbox 1812 3765 1854 3822; x_wconf 83' lang='lat' dir='ltr'><strong>sic</strong></span> 
     </span>
     <span class='ocr_line' id='line_1_38' title="bbox 202 3855 1851 3928; baseline -0.002 -10"><span class='ocrx_word' id='word_1_502' title='bbox 202 3862 267 3918; x_wconf 90' lang='lat' dir='ltr'><strong>dum</strong></span> <span class='ocrx_word' id='word_1_503' title='bbox 291 3867 344 3927; x_wconf 86' lang='lat' dir='ltr'><strong>est,</strong></span> <span class='ocrx_word' id='word_1_504' title='bbox 368 3857 503 3916; x_wconf 89' lang='lat' dir='ltr'><strong>hocloco</strong></span> <span class='ocrx_word' id='word_1_505' title='bbox 522 3859 590 3915; x_wconf 88' lang='lat' dir='ltr'><strong>satis</strong></span> <span class='ocrx_word' id='word_1_506' title='bbox 610 3856 762 3916; x_wconf 87' lang='lat' dir='ltr'><strong>babendum</strong></span> <span class='ocrx_word' id='word_1_507' title='bbox 783 3860 958 3928; x_wconf 88' lang='lat' dir='ltr'><strong>arbitramur,</strong></span> <span class='ocrx_word' id='word_1_508' title='bbox 978 3862 1001 3918; x_wconf 87' lang='lat' dir='ltr'><strong>si</strong></span> <span class='ocrx_word' id='word_1_509' title='bbox 1052 3855 1144 3910; x_wconf 91' lang='lat' dir='ltr'><strong>omnia</strong></span> <span class='ocrx_word' id='word_1_510' title='bbox 1158 3856 1469 3922; x_wconf 88' lang='lat' dir='ltr'><strong>esseunum,etomnia</strong></span> <span class='ocrx_word' id='word_1_511' title='bbox 1485 3871 1545 3913; x_wconf 87' lang='lat' dir='ltr'><strong>esse</strong></span> <span class='ocrx_word' id='word_1_512' title='bbox 1560 3856 1664 3915; x_wconf 82' lang='lat' dir='ltr'><strong>licum:</strong></span> <span class='ocrx_word' id='word_1_513' title='bbox 1680 3857 1851 3915; x_wconf 86' lang='lat' dir='ltr'><strong>beumeuim</strong></span> 
     </span>
     <span class='ocr_line' id='line_1_39' title="bbox 201 3947 1852 4022; baseline -0.001 -15"><span class='ocrx_word' id='word_1_514' title='bbox 201 3951 248 4008; x_wconf 83' lang='lat' dir='ltr'><strong>illa</strong></span> <span class='ocrx_word' id='word_1_515' title='bbox 261 3949 392 4008; x_wconf 71' lang='lat' dir='ltr'><strong>Bructeri</strong></span> <span class='ocrx_word' id='word_1_516' title='bbox 412 3950 505 4017; x_wconf 86' lang='lat' dir='ltr'><strong>verba,</strong></span> <span class='ocrx_word' id='word_1_517' title='bbox 520 3964 590 4020; x_wconf 88' lang='lat' dir='ltr'><strong>quae</strong></span> <span class='ocrx_word' id='word_1_518' title='bbox 610 3948 667 4020; x_wconf 81' lang='lat' dir='ltr'><strong>iam</strong></span> <span class='ocrx_word' id='word_1_519' title='bbox 687 3965 769 4022; x_wconf 86' lang='lat' dir='ltr'><strong>supra</strong></span> <span class='ocrx_word' id='word_1_520' title='bbox 793 3952 906 4009; x_wconf 88' lang='lat' dir='ltr'><strong>anobis</strong></span> <span class='ocrx_word' id='word_1_521' title='bbox 920 3951 1001 4008; x_wconf 90' lang='lat' dir='ltr'><strong>allata</strong></span> <span class='ocrx_word' id='word_1_522' title='bbox 1052 3962 1112 4003; x_wconf 91' lang='lat' dir='ltr'><strong>esse</strong></span> <span class='ocrx_word' id='word_1_523' title='bbox 1123 3947 1244 4002; x_wconf 90' lang='lat' dir='ltr'><strong>omnium</strong></span> <span class='ocrx_word' id='word_1_524' title='bbox 1255 3955 1442 4004; x_wconf 87' lang='lat' dir='ltr'><strong>creaturarum</strong></span> <span class='ocrx_word' id='word_1_525' title='bbox 1453 3949 1612 4018; x_wconf 86' lang='lat' dir='ltr'><strong>essentiam,</strong></span> <span class='ocrx_word' id='word_1_526' title='bbox 1622 3949 1805 4006; x_wconf 71' lang='lat' dir='ltr'><strong>cetubavid</strong></span> <span class='ocrx_word' id='word_1_527' title='bbox 1818 3949 1852 4006; x_wconf 92' lang='lat' dir='ltr'><strong>de</strong></span> 
     </span>
     <span class='ocr_line' id='line_1_40' title="bbox 202 4039 1851 4116; baseline 0 -16"><span class='ocrx_word' id='word_1_528' title='bbox 202 4052 278 4111; x_wconf 88' lang='lat' dir='ltr'><strong>suut,</strong></span> <span class='ocrx_word' id='word_1_529' title='bbox 298 4044 396 4099; x_wconf 87' lang='lat' dir='ltr'><strong>iterum</strong></span> <span class='ocrx_word' id='word_1_530' title='bbox 417 4050 513 4100; x_wconf 91' lang='lat' dir='ltr'><strong>nostra</strong></span> <span class='ocrx_word' id='word_1_531' title='bbox 535 4041 687 4099; x_wconf 76' lang='lat' dir='ltr'><strong>fecerimus.</strong></span> <span class='ocrx_word' id='word_1_532' title='bbox 710 4042 757 4099; x_wconf 88' lang='lat' dir='ltr'><strong>tttt</strong></span> <span class='ocrx_word' id='word_1_533' title='bbox 781 4043 864 4116; x_wconf 87' lang='lat' dir='ltr'><strong>igitur</strong></span> <span class='ocrx_word' id='word_1_534' title='bbox 881 4043 1000 4101; x_wconf 86' lang='lat' dir='ltr'><strong>Bruclte-</strong></span> <span class='ocrx_word' id='word_1_535' title='bbox 1051 4039 1186 4108; x_wconf 88' lang='lat' dir='ltr'><strong>binando,</strong></span> <span class='ocrx_word' id='word_1_536' title='bbox 1207 4041 1337 4098; x_wconf 81' lang='lat' dir='ltr'><strong>Amalrici</strong></span> <span class='ocrx_word' id='word_1_537' title='bbox 1360 4041 1519 4114; x_wconf 90' lang='lat' dir='ltr'><strong>discipulus,</strong></span> <span class='ocrx_word' id='word_1_538' title='bbox 1544 4043 1653 4100; x_wconf 89' lang='lat' dir='ltr'><strong>easdem</strong></span> <span class='ocrx_word' id='word_1_539' title='bbox 1676 4058 1721 4101; x_wconf 88' lang='lat' dir='ltr'><strong>res</strong></span> <span class='ocrx_word' id='word_1_540' title='bbox 1745 4051 1851 4101; x_wconf 84' lang='lat' dir='ltr'><strong>tauuvm</strong></span> 
     </span>
     <span class='ocr_line' id='line_1_41' title="bbox 203 4133 1850 4211; baseline 0.003 -21"><span class='ocrx_word' id='word_1_541' title='bbox 203 4135 458 4207; x_wconf 69' lang='lat' dir='ltr'><strong>nasidienum</strong></span> <span class='ocrx_word' id='word_1_542' title='bbox 483 4133 557 4191; x_wconf 85' lang='lat' dir='ltr'><strong>Scoti</strong></span> <span class='ocrx_word' id='word_1_543' title='bbox 584 4134 780 4206; x_wconf 89' lang='lat' dir='ltr'><strong>philosophiam</strong></span> <span class='ocrx_word' id='word_1_544' title='bbox 804 4133 858 4190; x_wconf 91' lang='lat' dir='ltr'><strong>buc</strong></span> <span class='ocrx_word' id='word_1_545' title='bbox 883 4134 999 4206; x_wconf 68' lang='lat' dir='ltr'><strong>redire:</strong></span> <span class='ocrx_word' id='word_1_546' title='bbox 1051 4146 1105 4188; x_wconf 91' lang='lat' dir='ltr'><strong>non</strong></span> <span class='ocrx_word' id='word_1_547' title='bbox 1131 4133 1227 4191; x_wconf 91' lang='lat' dir='ltr'><strong>iisdem</strong></span> <span class='ocrx_word' id='word_1_548' title='bbox 1250 4135 1342 4192; x_wconf 89' lang='lat' dir='ltr'><strong>vorbis</strong></span> <span class='ocrx_word' id='word_1_549' title='bbox 1362 4135 1487 4193; x_wconf 87' lang='lat' dir='ltr'><strong>docuisse</strong></span> <span class='ocrx_word' id='word_1_550' title='bbox 1514 4138 1632 4195; x_wconf 92' lang='lat' dir='ltr'><strong>traditur</strong></span> <span class='ocrx_word' id='word_1_551' title='bbox 1655 4138 1705 4211; x_wconf 76' lang='lat' dir='ltr'><strong>(g).</strong></span> <span class='ocrx_word' id='word_1_552' title='bbox 1728 4138 1850 4206; x_wconf 83' lang='lat' dir='ltr'><strong>Quorum</strong></span> 
     </span>
     <span class='ocr_line' id='line_1_42' title="bbox 206 4224 1850 4300; baseline 0.004 -21"><span class='ocrx_word' id='word_1_553' title='bbox 206 4245 216 4279; x_wconf 83' lang='grc' dir='ltr'>ι</span> <span class='ocrx_word' id='word_1_554' title='bbox 236 4224 533 4298; x_wconf 71' lang='grc' dir='ltr'>οιιιιιίε,·ι]ιιιεειιιιειιε</span> <span class='ocrx_word' id='word_1_555' title='bbox 551 4235 624 4292; x_wconf 91' lang='lat' dir='ltr'><strong>sunt,</strong></span> <span class='ocrx_word' id='word_1_556' title='bbox 641 4241 694 4284; x_wconf 91' lang='lat' dir='ltr'><strong>non</strong></span> <span class='ocrx_word' id='word_1_557' title='bbox 709 4227 865 4284; x_wconf 87' lang='lat' dir='ltr'><strong>radicaliter</strong></span> <span class='ocrx_word' id='word_1_558' title='bbox 879 4227 959 4285; x_wconf 91' lang='lat' dir='ltr'><strong>modo</strong></span> <span class='ocrx_word' id='word_1_559' title='bbox 973 4237 1001 4283; x_wconf 91' lang='lat' dir='ltr'><strong>et</strong></span> <span class='ocrx_word' id='word_1_560' title='bbox 1051 4226 1186 4281; x_wconf 86' lang='lat' dir='ltr'><strong>sententia</strong></span> <span class='ocrx_word' id='word_1_561' title='bbox 1200 4225 1267 4280; x_wconf 91' lang='lat' dir='ltr'><strong>nihil</strong></span> <span class='ocrx_word' id='word_1_562' title='bbox 1287 4235 1330 4282; x_wconf 88' lang='lat' dir='ltr'><strong>est</strong></span> <span class='ocrx_word' id='word_1_563' title='bbox 1345 4227 1526 4300; x_wconf 82' lang='lat' dir='ltr'><strong>Erigenianae</strong></span> <span class='ocrx_word' id='word_1_564' title='bbox 1539 4229 1664 4285; x_wconf 88' lang='lat' dir='ltr'><strong>similius.</strong></span> <span class='ocrx_word' id='word_1_565' title='bbox 1680 4229 1757 4297; x_wconf 80' lang='lat' dir='ltr'><strong>Quod</strong></span> <span class='ocrx_word' id='word_1_566' title='bbox 1780 4229 1850 4287; x_wconf 82' lang='lat' dir='ltr'><strong>inira</strong></span> 
     </span>
     <span class='ocr_line' id='line_1_43' title="bbox 201 4315 1848 4391; baseline 0.001 -16"><span class='ocrx_word' id='word_1_567' title='bbox 201 4319 366 4386; x_wconf 85' lang='lat' dir='ltr'><strong>virtualiter,</strong></span> <span class='ocrx_word' id='word_1_568' title='bbox 377 4320 425 4377; x_wconf 88' lang='lat' dir='ltr'><strong>sod</strong></span> <span class='ocrx_word' id='word_1_569' title='bbox 434 4329 462 4376; x_wconf 91' lang='lat' dir='ltr'><strong>et</strong></span> <span class='ocrx_word' id='word_1_570' title='bbox 471 4319 653 4377; x_wconf 87' lang='lat' dir='ltr'><strong>essentialiter</strong></span> <span class='ocrx_word' id='word_1_571' title='bbox 664 4319 691 4376; x_wconf 90' lang='lat' dir='ltr'><strong>in</strong></span> <span class='ocrx_word' id='word_1_572' title='bbox 700 4320 756 4377; x_wconf 85' lang='lat' dir='ltr'><strong>lleo</strong></span> <span class='ocrx_word' id='word_1_573' title='bbox 764 4321 911 4388; x_wconf 88' lang='lat' dir='ltr'><strong>contineri,</strong></span> <span class='ocrx_word' id='word_1_574' title='bbox 920 4330 1001 4391; x_wconf 91' lang='lat' dir='ltr'><strong>atque</strong></span> <span class='ocrx_word' id='word_1_575' title='bbox 1050 4329 1067 4369; x_wconf 75' lang='lat' dir='ltr'><strong>a</strong></span> <span class='ocrx_word' id='word_1_576' title='bbox 1081 4315 1159 4370; x_wconf 81' lang='lat' dir='ltr'><strong>nobis</strong></span> <span class='ocrx_word' id='word_1_577' title='bbox 1171 4325 1332 4385; x_wconf 78' lang='lat' dir='ltr'><strong>exponetur.</strong></span> <span class='ocrx_word' id='word_1_578' title='bbox 1346 4317 1441 4390; x_wconf 84' lang='lat' dir='ltr'><strong>Neque</strong></span> <span class='ocrx_word' id='word_1_579' title='bbox 1454 4319 1522 4376; x_wconf 87' lang='lat' dir='ltr'><strong>baec</strong></span> <span class='ocrx_word' id='word_1_580' title='bbox 1536 4335 1581 4376; x_wconf 88' lang='lat' dir='ltr'><strong>res</strong></span> <span class='ocrx_word' id='word_1_581' title='bbox 1594 4320 1636 4375; x_wconf 89' lang='lat' dir='ltr'><strong>illa</strong></span> <span class='ocrx_word' id='word_1_582' title='bbox 1652 4328 1742 4374; x_wconf 87' lang='lat' dir='ltr'><strong>aetate</strong></span> <span class='ocrx_word' id='word_1_583' title='bbox 1758 4320 1848 4379; x_wconf 80' lang='lat' dir='ltr'><strong>latuit</strong></span> 
     </span>
     <span class='ocr_line' id='line_1_44' title="bbox 201 4405 1850 4486; baseline -0.001 -17"><span class='ocrx_word' id='word_1_584' title='bbox 201 4413 272 4470; x_wconf 88' lang='lat' dir='ltr'><strong>adeo</strong></span> <span class='ocrx_word' id='word_1_585' title='bbox 291 4413 384 4469; x_wconf 84' lang='lat' dir='ltr'><strong>omnia</strong></span> <span class='ocrx_word' id='word_1_586' title='bbox 405 4427 440 4469; x_wconf 84' lang='lat' dir='ltr'><strong>ex</strong></span> <span class='ocrx_word' id='word_1_587' title='bbox 454 4412 509 4470; x_wconf 87' lang='lat' dir='ltr'><strong>beo</strong></span> <span class='ocrx_word' id='word_1_588' title='bbox 536 4413 570 4469; x_wconf 90' lang='lat' dir='ltr'><strong>ab</strong></span> <span class='ocrx_word' id='word_1_589' title='bbox 591 4421 702 4469; x_wconf 88' lang='lat' dir='ltr'><strong>aeterno</strong></span> <span class='ocrx_word' id='word_1_590' title='bbox 721 4426 866 4486; x_wconf 84' lang='lat' dir='ltr'><strong>progressa</strong></span> <span class='ocrx_word' id='word_1_591' title='bbox 888 4427 949 4470; x_wconf 86' lang='lat' dir='ltr'><strong>esse</strong></span> <span class='ocrx_word' id='word_1_592' title='bbox 973 4421 1000 4469; x_wconf 91' lang='lat' dir='ltr'><strong>et</strong></span> <span class='ocrx_word' id='word_1_593' title='bbox 1051 4406 1157 4462; x_wconf 81' lang='lat' dir='ltr'><strong>Diserte</strong></span> <span class='ocrx_word' id='word_1_594' title='bbox 1177 4405 1250 4461; x_wconf 90' lang='lat' dir='ltr'><strong>enim</strong></span> <span class='ocrx_word' id='word_1_595' title='bbox 1275 4415 1389 4463; x_wconf 86' lang='lat' dir='ltr'><strong>narrant</strong></span> <span class='ocrx_word' id='word_1_596' title='bbox 1415 4408 1550 4474; x_wconf 88' lang='lat' dir='ltr'><strong>historici,</strong></span> <span class='ocrx_word' id='word_1_597' title='bbox 1577 4408 1651 4465; x_wconf 84' lang='lat' dir='ltr'><strong>Sonti</strong></span> <span class='ocrx_word' id='word_1_598' title='bbox 1674 4409 1761 4465; x_wconf 92' lang='lat' dir='ltr'><strong>nostri</strong></span> <span class='ocrx_word' id='word_1_599' title='bbox 1780 4425 1850 4482; x_wconf 87' lang='lat' dir='ltr'><strong>opus</strong></span> 
     </span>
     <span class='ocr_line' id='line_1_45' title="bbox 200 4499 1848 4580; baseline -0.003 -16"><span class='ocrx_word' id='word_1_600' title='bbox 200 4507 325 4575; x_wconf 83' lang='lat' dir='ltr'><strong>fluxisse,</strong></span> <span class='ocrx_word' id='word_1_601' title='bbox 340 4507 422 4580; x_wconf 91' lang='lat' dir='ltr'><strong>inque</strong></span> <span class='ocrx_word' id='word_1_602' title='bbox 435 4507 526 4563; x_wconf 90' lang='lat' dir='ltr'><strong>varias</strong></span> <span class='ocrx_word' id='word_1_603' title='bbox 545 4507 647 4563; x_wconf 87' lang='lat' dir='ltr'><strong>classes</strong></span> <span class='ocrx_word' id='word_1_604' title='bbox 666 4504 825 4578; x_wconf 72' lang='lat' dir='ltr'><strong>inferiorum</strong></span> <span class='ocrx_word' id='word_1_605' title='bbox 838 4515 866 4562; x_wconf 91' lang='lat' dir='ltr'><strong>et</strong></span> <span class='ocrx_word' id='word_1_606' title='bbox 879 4507 1000 4578; x_wconf 89' lang='lat' dir='ltr'><strong>superio-</strong></span> <span class='ocrx_word' id='word_1_607' title='bbox 1051 4499 1224 4570; x_wconf 87' lang='lat' dir='ltr'><strong>compilatum</strong></span> <span class='ocrx_word' id='word_1_608' title='bbox 1237 4515 1297 4557; x_wconf 88' lang='lat' dir='ltr'><strong>esse</strong></span> <span class='ocrx_word' id='word_1_609' title='bbox 1315 4501 1350 4557; x_wconf 90' lang='lat' dir='ltr'><strong>ab</strong></span> <span class='ocrx_word' id='word_1_610' title='bbox 1364 4500 1500 4556; x_wconf 77' lang='lat' dir='ltr'><strong>dmalrioo</strong></span> <span class='ocrx_word' id='word_1_611' title='bbox 1515 4500 1564 4572; x_wconf 82' lang='lat' dir='ltr'><strong>(lv).</strong></span> <span class='ocrx_word' id='word_1_612' title='bbox 1578 4500 1615 4556; x_wconf 80' lang='lat' dir='ltr'><strong>At</strong></span> <span class='ocrx_word' id='word_1_613' title='bbox 1630 4501 1742 4558; x_wconf 88' lang='lat' dir='ltr'><strong>tradunt</strong></span> <span class='ocrx_word' id='word_1_614' title='bbox 1753 4503 1848 4572; x_wconf 89' lang='lat' dir='ltr'><strong>etiam,</strong></span> 
     </span>
     <span class='ocr_line' id='line_1_46' title="bbox 202 4593 1848 4670; baseline -0.004 -12"><span class='ocrx_word' id='word_1_615' title='bbox 202 4617 275 4668; x_wconf 89' lang='lat' dir='ltr'><strong>rum,</strong></span> <span class='ocrx_word' id='word_1_616' title='bbox 289 4601 453 4657; x_wconf 86' lang='lat' dir='ltr'><strong>deteriorum</strong></span> <span class='ocrx_word' id='word_1_617' title='bbox 468 4599 664 4670; x_wconf 85' lang='lat' dir='ltr'><strong>meliorumque</strong></span> <span class='ocrx_word' id='word_1_618' title='bbox 682 4601 784 4657; x_wconf 91' lang='lat' dir='ltr'><strong>entium</strong></span> <span class='ocrx_word' id='word_1_619' title='bbox 800 4601 925 4657; x_wconf 90' lang='lat' dir='ltr'><strong>distincta</strong></span> <span class='ocrx_word' id='word_1_620' title='bbox 939 4609 999 4655; x_wconf 90' lang='lat' dir='ltr'><strong>tan·</strong></span> <span class='ocrx_word' id='word_1_621' title='bbox 1052 4595 1246 4666; x_wconf 89' lang='lat' dir='ltr'><strong>illos,quornm</strong></span> <span class='ocrx_word' id='word_1_622' title='bbox 1256 4603 1325 4663; x_wconf 90' lang='lat' dir='ltr'><strong>erat,</strong></span> <span class='ocrx_word' id='word_1_623' title='bbox 1337 4609 1390 4651; x_wconf 92' lang='lat' dir='ltr'><strong>uon</strong></span> <span class='ocrx_word' id='word_1_624' title='bbox 1402 4593 1489 4650; x_wconf 87' lang='lat' dir='ltr'><strong>solum</strong></span> <span class='ocrx_word' id='word_1_625' title='bbox 1500 4594 1642 4650; x_wconf 88' lang='lat' dir='ltr'><strong>damnasse</strong></span> <span class='ocrx_word' id='word_1_626' title='bbox 1652 4593 1727 4650; x_wconf 84' lang='lat' dir='ltr'><strong>Sooti</strong></span> <span class='ocrx_word' id='word_1_627' title='bbox 1738 4594 1848 4663; x_wconf 89' lang='lat' dir='ltr'><strong>librum,</strong></span> 
     </span>
    </p>
   </div>
   <div class='ocr_carea' id='block_1_3' title="bbox 237 4709 1846 4927">
    <p class='ocr_par' dir='ltr' id='par_1_3' title="bbox 237 4709 1846 4927">
     <span class='ocr_line' id='line_1_47' title="bbox 237 4709 1845 4785; baseline 0.001 -17"><span class='ocrx_word' id='word_1_628' title='bbox 237 4716 266 4783; x_wconf 90' lang='lat' dir='ltr'><strong>(o</strong></span> <span class='ocrx_word' id='word_1_629' title='bbox 291 4711 334 4769; x_wconf 82' lang='lat' dir='ltr'><strong>cl.</strong></span> <span class='ocrx_word' id='word_1_630' title='bbox 347 4728 408 4784; x_wconf 88' lang='lat' dir='ltr'><strong>sup.</strong></span> <span class='ocrx_word' id='word_1_631' title='bbox 421 4712 487 4784; x_wconf 85' lang='lat' dir='ltr'><strong>Cap.</strong></span> <span class='ocrx_word' id='word_1_632' title='bbox 501 4710 532 4767; x_wconf 76' lang='lat' dir='ltr'><strong>l.</strong></span> <span class='ocrx_word' id='word_1_633' title='bbox 547 4711 599 4769; x_wconf 88' lang='lat' dir='ltr'><strong>ool.</strong></span> <span class='ocrx_word' id='word_1_634' title='bbox 609 4712 657 4777; x_wconf 83' lang='lat' dir='ltr'><strong>tu,</strong></span> <span class='ocrx_word' id='word_1_635' title='bbox 673 4720 730 4769; x_wconf 90' lang='lat' dir='ltr'><strong>not.</strong></span> <span class='ocrx_word' id='word_1_636' title='bbox 746 4711 765 4768; x_wconf 91' lang='lat' dir='ltr'><strong>l.</strong></span> <span class='ocrx_word' id='word_1_637' title='bbox 1050 4724 1188 4785; x_wconf 89' lang='lat' dir='ltr'><strong>pruvatam</strong></span> <span class='ocrx_word' id='word_1_638' title='bbox 1201 4732 1210 4768; x_wconf 85' lang='lat' dir='ltr'><strong>v</strong></span> <span class='ocrx_word' id='word_1_639' title='bbox 1222 4714 1306 4781; x_wconf 88' lang='lat' dir='ltr'><strong>dicas,</strong></span> <span class='ocrx_word' id='word_1_640' title='bbox 1320 4728 1401 4784; x_wconf 90' lang='lat' dir='ltr'><strong>qnam</strong></span> <span class='ocrx_word' id='word_1_641' title='bbox 1415 4720 1445 4768; x_wconf 92' lang='lat' dir='ltr'><strong>nt</strong></span> <span class='ocrx_word' id='word_1_642' title='bbox 1456 4712 1513 4784; x_wconf 90' lang='lat' dir='ltr'><strong>ipse</strong></span> <span class='ocrx_word' id='word_1_643' title='bbox 1529 4712 1566 4783; x_wconf 80' lang='lat' dir='ltr'><strong>(p.</strong></span> <span class='ocrx_word' id='word_1_644' title='bbox 1579 4709 1601 4782; x_wconf 81' lang='lat' dir='ltr'><strong>l)</strong></span> <span class='ocrx_word' id='word_1_645' title='bbox 1611 4728 1621 4763; x_wconf 82' lang='grc' dir='ltr'>ι</span> <span class='ocrx_word' id='word_1_646' title='bbox 1631 4710 1805 4767; x_wconf 87' lang='lat' dir='ltr'><strong>emendatam</strong></span> <span class='ocrx_word' id='word_1_647' title='bbox 1821 4730 1845 4769; x_wconf 88' lang='grc' dir='ltr'>ι.</span> 
     </span>
     <span class='ocr_line' id='line_1_48' title="bbox 237 4713 1846 4927; baseline 0 -88"><span class='ocrx_word' id='word_1_648' title='bbox 237 4713 278 4927; x_wconf 45' lang='lat' dir='ltr'><strong>g!</strong></span> <span class='ocrx_word' id='word_1_649' title='bbox 291 4782 332 4839; x_wconf 86' lang='lat' dir='ltr'><strong>Cl.</strong></span> <span class='ocrx_word' id='word_1_650' title='bbox 349 4783 492 4854; x_wconf 84' lang='lat' dir='ltr'><strong>premer.</strong></span> <span class='ocrx_word' id='word_1_651' title='bbox 508 4783 642 4838; x_wconf 73' lang='grc' dir='ltr'>Βοιιιιειιι.</span> <span class='ocrx_word' id='word_1_652' title='bbox 655 4781 722 4839; x_wconf 84' lang='lat' dir='ltr'><strong>lusu.</strong></span> <span class='ocrx_word' id='word_1_653' title='bbox 738 4783 809 4841; x_wconf 81' lang='lat' dir='ltr'><strong>xvi.</strong></span> <span class='ocrx_word' id='word_1_654' title='bbox 825 4798 852 4853; x_wconf 94' lang='lat' dir='ltr'><strong>p.</strong></span> <span class='ocrx_word' id='word_1_655' title='bbox 865 4781 910 4838; x_wconf 77' lang='lat'><strong>57.</strong></span> <span class='ocrx_word' id='word_1_656' title='bbox 1084 4786 1123 4911; x_wconf 45' lang='lat' dir='ltr'><strong>Sd)</strong></span> <span class='ocrx_word' id='word_1_657' title='bbox 1140 4785 1181 4841; x_wconf 83' lang='lat' dir='ltr'><strong>Cl&#39;.</strong></span> <span class='ocrx_word' id='word_1_658' title='bbox 1203 4784 1270 4841; x_wconf 86' lang='lat' dir='ltr'><strong>Crit.</strong></span> <span class='ocrx_word' id='word_1_659' title='bbox 1285 4785 1383 4855; x_wconf 89' lang='lat' dir='ltr'><strong>philos.</strong></span> <span class='ocrx_word' id='word_1_660' title='bbox 1409 4784 1503 4839; x_wconf 89' lang='lat' dir='ltr'><strong>lvistor.</strong></span> <span class='ocrx_word' id='word_1_661' title='bbox 1531 4792 1595 4838; x_wconf 90' lang='lat' dir='ltr'><strong>tom.</strong></span> <span class='ocrx_word' id='word_1_662' title='bbox 1619 4780 1652 4837; x_wconf 93' lang='lat' dir='ltr'><strong>lll</strong></span> <span class='ocrx_word' id='word_1_663' title='bbox 1675 4781 1752 4865; x_wconf 81' lang='lat' dir='ltr'><strong>(edit.</strong></span> <span class='ocrx_word' id='word_1_664' title='bbox 1773 4782 1846 4854; x_wconf 87' lang='lat' dir='ltr'><strong>Lips.</strong></span> 
     </span>
    </p>
   </div>
   <div class='ocr_carea' id='block_1_4' title="bbox 199 4922 1847 5403">
    <p class='ocr_par' dir='ltr' id='par_1_4' title="bbox 199 4922 1474 5066">
     <span class='ocr_line' id='line_1_49' title="bbox 199 4922 1474 4996; baseline 0.001 -15"><span class='ocrx_word' id='word_1_665' title='bbox 199 4926 279 4981; x_wconf 89' lang='lat' dir='ltr'><strong>mus!</strong></span> <span class='ocrx_word' id='word_1_666' title='bbox 292 4923 339 4980; x_wconf 82' lang='lat' dir='ltr'><strong>llst</strong></span> <span class='ocrx_word' id='word_1_667' title='bbox 348 4923 417 4994; x_wconf 83' lang='lat' dir='ltr'><strong>apud</strong></span> <span class='ocrx_word' id='word_1_668' title='bbox 430 4923 542 4980; x_wconf 87' lang='lat' dir='ltr'><strong>Galeum</strong></span> <span class='ocrx_word' id='word_1_669' title='bbox 555 4924 713 4980; x_wconf 90' lang='lat' dir='ltr'><strong>mendorum</strong></span> <span class='ocrx_word' id='word_1_670' title='bbox 725 4922 868 4980; x_wconf 89' lang='lat' dir='ltr'><strong>multitudo</strong></span> <span class='ocrx_word' id='word_1_671' title='bbox 881 4924 995 4994; x_wconf 85' lang='lat' dir='ltr'><strong>lugens:</strong></span> <span class='ocrx_word' id='word_1_672' title='bbox 1050 4926 1100 4983; x_wconf 91' lang='lat' dir='ltr'><strong>bus</strong></span> <span class='ocrx_word' id='word_1_673' title='bbox 1111 4926 1238 4983; x_wconf 89' lang='lat' dir='ltr'><strong>consulas</strong></span> <span class='ocrx_word' id='word_1_674' title='bbox 1256 4927 1387 4992; x_wconf 89' lang='lat' dir='ltr'><strong>velimus,</strong></span> <span class='ocrx_word' id='word_1_675' title='bbox 1404 4939 1474 4996; x_wconf 87' lang='lat' dir='ltr'><strong>quae</strong></span> 
     </span>
     <span class='ocr_line' id='line_1_50' title="bbox 200 4993 1268 5066; baseline 0.001 -16"><span class='ocrx_word' id='word_1_676' title='bbox 200 4995 300 5051; x_wconf 79' lang='lat' dir='ltr'><strong>desunt</strong></span> <span class='ocrx_word' id='word_1_677' title='bbox 315 4994 440 5066; x_wconf 88' lang='lat' dir='ltr'><strong>plurimis</strong></span> <span class='ocrx_word' id='word_1_678' title='bbox 459 4993 525 5051; x_wconf 88' lang='lat' dir='ltr'><strong>locis</strong></span> <span class='ocrx_word' id='word_1_679' title='bbox 545 4994 649 5064; x_wconf 84' lang='lat' dir='ltr'><strong>integra</strong></span> <span class='ocrx_word' id='word_1_680' title='bbox 664 4996 756 5061; x_wconf 81' lang='lat' dir='ltr'><strong>uerba,</strong></span> <span class='ocrx_word' id='word_1_681' title='bbox 769 4993 868 5064; x_wconf 88' lang='lat' dir='ltr'><strong>integri</strong></span> <span class='ocrx_word' id='word_1_682' title='bbox 889 5009 994 5051; x_wconf 85' lang='lat' dir='ltr'><strong>versus.</strong></span> <span class='ocrx_word' id='word_1_683' title='bbox 1049 4997 1101 5054; x_wconf 88' lang='lat' dir='ltr'><strong>cul.</strong></span> <span class='ocrx_word' id='word_1_684' title='bbox 1119 4997 1149 5052; x_wconf 91' lang='lat' dir='ltr'><strong>ll</strong></span> <span class='ocrx_word' id='word_1_685' title='bbox 1168 5008 1226 5054; x_wconf 94' lang='lat' dir='ltr'><strong>not.</strong></span> <span class='ocrx_word' id='word_1_686' title='bbox 1240 4997 1268 5052; x_wconf 88' lang='lat' dir='ltr'><strong>d.</strong></span> 
     </span>
    </p>

    <p class='ocr_par' dir='ltr' id='par_1_5' title="bbox 199 5064 1847 5403">
     <span class='ocr_line' id='line_1_51' title="bbox 199 5064 1845 5151; baseline 0 -30"><span class='ocrx_word' id='word_1_687' title='bbox 199 5065 305 5121; x_wconf 89' lang='lat' dir='ltr'><strong>llorum</strong></span> <span class='ocrx_word' id='word_1_688' title='bbox 326 5064 501 5121; x_wconf 85' lang='lat' dir='ltr'><strong>Schlueterus</strong></span> <span class='ocrx_word' id='word_1_689' title='bbox 524 5065 575 5119; x_wconf 89' lang='lat' dir='ltr'><strong>nisi</strong></span> <span class='ocrx_word' id='word_1_690' title='bbox 599 5064 761 5135; x_wconf 88' lang='lat' dir='ltr'><strong>paucissima</strong></span> <span class='ocrx_word' id='word_1_691' title='bbox 785 5078 838 5118; x_wconf 91' lang='lat' dir='ltr'><strong>non</strong></span> <span class='ocrx_word' id='word_1_692' title='bbox 861 5065 971 5122; x_wconf 86' lang='lat' dir='ltr'><strong>sustulit</strong></span> <span class='ocrx_word' id='word_1_693' title='bbox 986 5082 994 5121; x_wconf 76' lang='grc' dir='ltr'>ε</span> <span class='ocrx_word' id='word_1_694' title='bbox 1095 5067 1120 5140; x_wconf 87' lang='lat' dir='ltr'><strong>e)</strong></span> <span class='ocrx_word' id='word_1_695' title='bbox 1131 5067 1172 5124; x_wconf 83' lang='lat' dir='ltr'><strong>Gi.</strong></span> <span class='ocrx_word' id='word_1_696' title='bbox 1187 5084 1248 5151; x_wconf 89' lang='lat' dir='ltr'><strong>sup.</strong></span> <span class='ocrx_word' id='word_1_697' title='bbox 1263 5066 1329 5137; x_wconf 88' lang='lat' dir='ltr'><strong>Cap.</strong></span> <span class='ocrx_word' id='word_1_698' title='bbox 1343 5066 1376 5133; x_wconf 89' lang='lat' dir='ltr'><strong>ll,</strong></span> <span class='ocrx_word' id='word_1_699' title='bbox 1391 5066 1445 5122; x_wconf 91' lang='lat' dir='ltr'><strong>col.</strong></span> <span class='ocrx_word' id='word_1_700' title='bbox 1459 5065 1491 5121; x_wconf 89' lang='lat' dir='ltr'><strong>tl</strong></span> <span class='ocrx_word' id='word_1_701' title='bbox 1501 5072 1557 5121; x_wconf 91' lang='lat' dir='ltr'><strong>nol.</strong></span> <span class='ocrx_word' id='word_1_702' title='bbox 1572 5081 1598 5132; x_wconf 87' lang='lat' dir='ltr'><strong>e,</strong></span> <span class='ocrx_word' id='word_1_703' title='bbox 1613 5066 1659 5122; x_wconf 91' lang='lat' dir='ltr'><strong>ubi</strong></span> <span class='ocrx_word' id='word_1_704' title='bbox 1672 5079 1767 5122; x_wconf 90' lang='lat' dir='ltr'><strong>corum</strong></span> <span class='ocrx_word' id='word_1_705' title='bbox 1778 5081 1845 5123; x_wconf 89' lang='lat' dir='ltr'><strong>non·</strong></span> 
     </span>
     <span class='ocr_line' id='line_1_52' title="bbox 199 5134 1299 5206; baseline -0.001 -13"><span class='ocrx_word' id='word_1_706' title='bbox 199 5152 253 5193; x_wconf 85' lang='lat' dir='ltr'><strong>nec</strong></span> <span class='ocrx_word' id='word_1_707' title='bbox 265 5151 333 5191; x_wconf 82' lang='lat' dir='ltr'><strong>nova</strong></span> <span class='ocrx_word' id='word_1_708' title='bbox 343 5134 450 5192; x_wconf 90' lang='lat' dir='ltr'><strong>desunt.</strong></span> <span class='ocrx_word' id='word_1_709' title='bbox 461 5134 612 5206; x_wconf 77' lang='lat' dir='ltr'><strong>collegerat</strong></span> <span class='ocrx_word' id='word_1_710' title='bbox 623 5144 713 5191; x_wconf 83' lang='lat' dir='ltr'><strong>auteur</strong></span> <span class='ocrx_word' id='word_1_711' title='bbox 725 5134 824 5191; x_wconf 82' lang='lat' dir='ltr'><strong>Galeus</strong></span> <span class='ocrx_word' id='word_1_712' title='bbox 836 5150 884 5190; x_wconf 93' lang='lat' dir='ltr'><strong>sua</strong></span> <span class='ocrx_word' id='word_1_713' title='bbox 899 5137 995 5191; x_wconf 88' lang='lat' dir='ltr'><strong>menda</strong></span> <span class='ocrx_word' id='word_1_714' title='bbox 1050 5156 1087 5196; x_wconf 90' lang='lat' dir='ltr'><strong>nu</strong></span> <span class='ocrx_word' id='word_1_715' title='bbox 1097 5138 1137 5194; x_wconf 89' lang='lat' dir='ltr'><strong>los</strong></span> <span class='ocrx_word' id='word_1_716' title='bbox 1150 5138 1299 5194; x_wconf 83' lang='lat' dir='ltr'><strong>attulimus.</strong></span> 
     </span>
     <span class='ocr_line' id='line_1_53' title="bbox 201 5202 1847 5333; baseline 0.001 -73"><span class='ocrx_word' id='word_1_717' title='bbox 201 5205 998 5329; x_wconf 62' lang='lat' dir='ltr'><strong>quamdiligentissirne;inseruerateorumindiciegregias</strong></span> <span class='ocrx_word' id='word_1_718' title='bbox 1086 5208 1120 5333; x_wconf 57' lang='grc' dir='ltr'><strong>(ῼ</strong></span> <span class='ocrx_word' id='word_1_719' title='bbox 1133 5207 1175 5265; x_wconf 80' lang='lat' dir='ltr'><strong>ut.</strong></span> <span class='ocrx_word' id='word_1_720' title='bbox 1191 5208 1269 5264; x_wconf 82' lang='lat' dir='ltr'><strong>toan.</strong></span> <span class='ocrx_word' id='word_1_721' title='bbox 1288 5206 1411 5264; x_wconf 79' lang='lat' dir='ltr'><strong>Gereonii</strong></span> <span class='ocrx_word' id='word_1_722' title='bbox 1435 5220 1517 5277; x_wconf 89' lang='lat' dir='ltr'><strong>opera</strong></span> <span class='ocrx_word' id='word_1_723' title='bbox 1539 5205 1641 5261; x_wconf 87' lang='lat' dir='ltr'><strong>onmia.</strong></span> <span class='ocrx_word' id='word_1_724' title='bbox 1663 5202 1737 5259; x_wconf 81' lang='lat' dir='ltr'><strong>Edit.</strong></span> <span class='ocrx_word' id='word_1_725' title='bbox 1763 5204 1847 5289; x_wconf 82' lang='lat' dir='ltr'><strong>Ellies</strong></span> 
     </span>
     <span class='ocr_line' id='line_1_54' title="bbox 202 5272 1845 5403; baseline 0 -72"><span class='ocrx_word' id='word_1_726' title='bbox 202 5280 283 5403; x_wconf 51' lang='lat' dir='ltr'><strong>gigne</strong></span> <span class='ocrx_word' id='word_1_727' title='bbox 298 5294 310 5330; x_wconf 83' lang='grc' dir='ltr'>ι</span> <span class='ocrx_word' id='word_1_728' title='bbox 329 5277 466 5332; x_wconf 84' lang='lat' dir='ltr'><strong>variantes</strong></span> <span class='ocrx_word' id='word_1_729' title='bbox 487 5297 510 5343; x_wconf 77' lang='grc' dir='ltr'>ι,</span> <span class='ocrx_word' id='word_1_730' title='bbox 530 5290 599 5346; x_wconf 88' lang='lat' dir='ltr'><strong>quas</strong></span> <span class='ocrx_word' id='word_1_731' title='bbox 618 5284 733 5342; x_wconf 89' lang='lat' dir='ltr'><strong>vocant,</strong></span> <span class='ocrx_word' id='word_1_732' title='bbox 748 5290 783 5331; x_wconf 81' lang='lat' dir='ltr'><strong>ex</strong></span> <span class='ocrx_word' id='word_1_733' title='bbox 806 5290 844 5330; x_wconf 87' lang='lat' dir='ltr'><strong>m.</strong></span> <span class='ocrx_word' id='word_1_734' title='bbox 862 5291 885 5330; x_wconf 92' lang='lat' dir='ltr'><strong>s.</strong></span> <span class='ocrx_word' id='word_1_735' title='bbox 903 5291 936 5331; x_wconf 91' lang='lat' dir='ltr'><strong>co</strong></span> <span class='ocrx_word' id='word_1_736' title='bbox 957 5291 998 5331; x_wconf 84' lang='lat' dir='ltr'><strong>tce</strong></span> <span class='ocrx_word' id='word_1_737' title='bbox 1049 5279 1084 5334; x_wconf 91' lang='lat' dir='ltr'><strong>du</strong></span> <span class='ocrx_word' id='word_1_738' title='bbox 1121 5279 1165 5345; x_wconf 89' lang='lat' dir='ltr'><strong>in;</strong></span> <span class='ocrx_word' id='word_1_739' title='bbox 1178 5279 1316 5348; x_wconf 75' lang='lat' dir='ltr'><strong>Antwerp.</strong></span> <span class='ocrx_word' id='word_1_740' title='bbox 1333 5287 1397 5333; x_wconf 92' lang='lat' dir='ltr'><strong>tum.</strong></span> <span class='ocrx_word' id='word_1_741' title='bbox 1410 5276 1454 5341; x_wconf 85' lang='lat' dir='ltr'><strong>ll&#39;,</strong></span> <span class='ocrx_word' id='word_1_742' title='bbox 1470 5276 1523 5331; x_wconf 91' lang='lat' dir='ltr'><strong>col.</strong></span> <span class='ocrx_word' id='word_1_743' title='bbox 1535 5275 1585 5333; x_wconf 73' lang='lat' dir='ltr'><strong>eat</strong></span> <span class='ocrx_word' id='word_1_744' title='bbox 1607 5289 1665 5345; x_wconf 87' lang='lat' dir='ltr'><strong>seq.</strong></span> <span class='ocrx_word' id='word_1_745' title='bbox 1682 5272 1749 5330; x_wconf 81' lang='lat' dir='ltr'><strong>Vide</strong></span> <span class='ocrx_word' id='word_1_746' title='bbox 1761 5284 1845 5332; x_wconf 75' lang='lat' dir='ltr'><strong>ettam</strong></span> 
     </span>
    </p>
   </div>
   <div class='ocr_carea' id='block_1_5' title="bbox 296 4851 1848 4997">
    <p class='ocr_par' dir='ltr' id='par_1_6' title="bbox 296 4851 1848 4997">
     <span class='ocr_line' id='line_1_55' title="bbox 296 4851 1848 4997; baseline 0.001 -89"><span class='ocrx_word' id='word_1_747' title='bbox 296 4853 383 4925; x_wconf 78' lang='lat' dir='ltr'><strong>Atque</strong></span> <span class='ocrx_word' id='word_1_748' title='bbox 401 4855 445 4909; x_wconf 89' lang='lat' dir='ltr'><strong>lric</strong></span> <span class='ocrx_word' id='word_1_749' title='bbox 459 4854 527 4909; x_wconf 89' lang='lat' dir='ltr'><strong>satis</strong></span> <span class='ocrx_word' id='word_1_750' title='bbox 545 4854 663 4924; x_wconf 86' lang='lat' dir='ltr'><strong>graviter</strong></span> <span class='ocrx_word' id='word_1_751' title='bbox 677 4853 807 4926; x_wconf 89' lang='lat' dir='ltr'><strong>conqueri</strong></span> <span class='ocrx_word' id='word_1_752' title='bbox 830 4867 883 4908; x_wconf 93' lang='lat' dir='ltr'><strong>uon</strong></span> <span class='ocrx_word' id='word_1_753' title='bbox 901 4867 997 4924; x_wconf 89' lang='lat' dir='ltr'><strong>possu-</strong></span> <span class='ocrx_word' id='word_1_754' title='bbox 1051 4856 1084 4911; x_wconf 90' lang='lat' dir='ltr'><strong>t&#39;l</strong></span> <span class='ocrx_word' id='word_1_755' title='bbox 1103 4855 1141 4926; x_wconf 89' lang='lat' dir='ltr'><strong>l),</strong></span> <span class='ocrx_word' id='word_1_756' title='bbox 1158 4871 1185 4926; x_wconf 91' lang='lat' dir='ltr'><strong>p.</strong></span> <span class='ocrx_word' id='word_1_757' title='bbox 1201 4854 1262 4911; x_wconf 68' lang='lat' dir='ltr'><strong>det.</strong></span> <span class='ocrx_word' id='word_1_758' title='bbox 1281 4857 1369 4926; x_wconf 79' lang='lat' dir='ltr'><strong>vitque</strong></span> <span class='ocrx_word' id='word_1_759' title='bbox 1380 4856 1413 4911; x_wconf 91' lang='lat' dir='ltr'><strong>de</strong></span> <span class='ocrx_word' id='word_1_760' title='bbox 1427 4856 1469 4910; x_wconf 91' lang='lat' dir='ltr'><strong>his</strong></span> <span class='ocrx_word' id='word_1_761' title='bbox 1485 4869 1559 4980; x_wconf 57' lang='lat' dir='ltr'><strong>iffi</strong></span> <span class='ocrx_word' id='word_1_762' title='bbox 1560 4851 1699 4996; x_wconf 45' lang='lat' dir='ltr'><strong>llsructltgrrp</strong></span> <span class='ocrx_word' id='word_1_763' title='bbox 1703 4853 1848 4997; x_wconf 55' lang='grc' dir='ltr'><strong>1εὸξέιοῖιί-</strong></span> 
     </span>
     <span class='ocr_line' id='line_1_56' title="bbox 1506 4941 1841 4993; baseline -0.003 -13"><span class='ocrx_word' id='word_1_764' title='bbox 1506 4941 1514 4980; x_wconf 88' lang='grc' dir='ltr'>ι</span> <span class='ocrx_word' id='word_1_765' title='bbox 1586 4941 1622 4981; x_wconf 94' lang='lat' dir='ltr'><strong>un</strong></span> <span class='ocrx_word' id='word_1_766' title='bbox 1664 4941 1711 4980; x_wconf 93' lang='lat' dir='ltr'><strong>u.</strong></span> <span class='ocrx_word' id='word_1_767' title='bbox 1785 4965 1791 4981; x_wconf 94' lang='lat'><strong>.</strong></span> <span class='ocrx_word' id='word_1_768' title='bbox 1832 4964 1841 4993; x_wconf 90' lang='lat'><strong>,</strong></span> 
     </span>
    </p>
   </div>
   <div class='ocr_carea' id='block_1_6' title="bbox 203 5344 1843 5703">
    <p class='ocr_par' dir='ltr' id='par_1_7' title="bbox 203 5344 1843 5642">
     <span class='ocr_line' id='line_1_57' title="bbox 245 5344 1805 5431; baseline 0 -31"><span class='ocrx_word' id='word_1_769' title='bbox 245 5347 370 5431; x_wconf 79' lang='lat' dir='ltr'><strong>risiensi:</strong></span> <span class='ocrx_word' id='word_1_770' title='bbox 392 5347 437 5403; x_wconf 89' lang='lat' dir='ltr'><strong>hic</strong></span> <span class='ocrx_word' id='word_1_771' title='bbox 455 5346 531 5431; x_wconf 80' lang='lat' dir='ltr'><strong>Galei</strong></span> <span class='ocrx_word' id='word_1_772' title='bbox 550 5346 631 5402; x_wconf 86' lang='lat' dir='ltr'><strong>index</strong></span> <span class='ocrx_word' id='word_1_773' title='bbox 642 5360 691 5418; x_wconf 91' lang='lat' dir='ltr'><strong>per</strong></span> <span class='ocrx_word' id='word_1_774' title='bbox 709 5348 801 5403; x_wconf 90' lang='lat' dir='ltr'><strong>decem</strong></span> <span class='ocrx_word' id='word_1_775' title='bbox 820 5347 934 5428; x_wconf 80' lang='lat' dir='ltr'><strong>paginas</strong></span> <span class='ocrx_word' id='word_1_776' title='bbox 944 5344 995 5401; x_wconf 89' lang='lat' dir='ltr'><strong>lor·</strong></span> <span class='ocrx_word' id='word_1_777' title='bbox 1049 5349 1178 5404; x_wconf 83' lang='lat' dir='ltr'><strong>Tennem.</strong></span> <span class='ocrx_word' id='word_1_778' title='bbox 1195 5349 1259 5402; x_wconf 89' lang='lat' dir='ltr'><strong>bist.</strong></span> <span class='ocrx_word' id='word_1_779' title='bbox 1273 5348 1435 5431; x_wconf 52' lang='lat' dir='ltr'><strong>plrilos3vol3</strong></span> <span class='ocrx_word' id='word_1_780' title='bbox 1448 5345 1516 5413; x_wconf 75' lang='lat' dir='ltr'><strong>titt,</strong></span> <span class='ocrx_word' id='word_1_781' title='bbox 1527 5346 1622 5429; x_wconf 84' lang='lat' dir='ltr'><strong>parsi,</strong></span> <span class='ocrx_word' id='word_1_782' title='bbox 1633 5360 1661 5416; x_wconf 90' lang='lat' dir='ltr'><strong>p.</strong></span> <span class='ocrx_word' id='word_1_783' title='bbox 1670 5344 1722 5401; x_wconf 74' lang='lat' dir='ltr'><strong>tto·</strong></span> <span class='ocrx_word' id='word_1_784' title='bbox 1732 5360 1755 5411; x_wconf 84' lang='lat' dir='ltr'><strong>s.</strong></span> <span class='ocrx_word' id='word_1_785' title='bbox 1766 5360 1805 5429; x_wconf 68' lang='lat' dir='ltr'><strong>s.⁸</strong></span> 
     </span>
     <span class='ocr_line' id='line_1_58' title="bbox 203 5413 1843 5557; baseline -0.001 -13"><span class='ocrx_word' id='word_1_786' title='bbox 203 5416 685 5557; x_wconf 49' lang='lat' dir='ltr'><strong>¹s⁰c²vfin¹¹e¹fe¹r¹o¹2²⁰reffl¹fn¹n⁸n¹fnffinfl⁰ass⁰t</strong></span> <span class='ocrx_word' id='word_1_787' title='bbox 703 5415 997 5543; x_wconf 47' lang='grc' dir='ltr'>ἷῗιῖἶιιῦιῧιξῖιιᾞῗῖιηέ</span> <span class='ocrx_word' id='word_1_788' title='bbox 1048 5413 1843 5556; x_wconf 20' lang='lat' dir='ltr'><strong>xibbvcrfvffi‘ss&#39;ssvffl‘iul&#39;t&#39;fue&#39;ssrffnfn&#39;rffi&#39;ss‘fflv‘fssfstiffi]</strong></span> 
     </span>
     <span class='ocr_line' id='line_1_59' title="bbox 203 5529 1516 5642; baseline -0.002 -29"><span class='ocrx_word' id='word_1_789' title='bbox 203 5558 297 5642; x_wconf 80' lang='lat' dir='ltr'><strong>soluit.</strong></span> <span class='ocrx_word' id='word_1_790' title='bbox 312 5556 400 5641; x_wconf 80' lang='lat' dir='ltr'><strong>ipsius</strong></span> <span class='ocrx_word' id='word_1_791' title='bbox 412 5558 520 5640; x_wconf 81' lang='lat' dir='ltr'><strong>quidem</strong></span> <span class='ocrx_word' id='word_1_792' title='bbox 532 5558 669 5640; x_wconf 81' lang='lat' dir='ltr'><strong>typotheta</strong></span> <span class='ocrx_word' id='word_1_793' title='bbox 683 5556 837 5640; x_wconf 80' lang='lat' dir='ltr'><strong>utilruravit,</strong></span> <span class='ocrx_word' id='word_1_794' title='bbox 852 5555 995 5614; x_wconf 88' lang='lat' dir='ltr'><strong>Sobluete-</strong></span> <span class='ocrx_word' id='word_1_795' title='bbox 1048 5557 1094 5615; x_wconf 85' lang='lat' dir='ltr'><strong>lv.</strong></span> <span class='ocrx_word' id='word_1_796' title='bbox 1109 5557 1142 5626; x_wconf 81' lang='lat' dir='ltr'><strong>Q.</strong></span> <span class='ocrx_word' id='word_1_797' title='bbox 1158 5557 1219 5612; x_wconf 75' lang='lat' dir='ltr'><strong>lilla</strong></span> <span class='ocrx_word' id='word_1_798' title='bbox 1236 5529 1448 5615; x_wconf 76' lang='lat' dir='ltr'><strong>Vide’leunem.</strong></span> <span class='ocrx_word' id='word_1_799' title='bbox 1462 5557 1481 5612; x_wconf 92' lang='lat' dir='ltr'><strong>l.</strong></span> <span class='ocrx_word' id='word_1_800' title='bbox 1497 5557 1516 5611; x_wconf 89' lang='lat' dir='ltr'><strong>l.</strong></span> 
     </span>
    </p>

    <p class='ocr_par' dir='ltr' id='par_1_8' title="bbox 206 5624 1842 5703">
     <span class='ocr_line' id='line_1_60' title="bbox 206 5624 1842 5703; baseline 0 -19"><span class='ocrx_word' id='word_1_801' title='bbox 206 5644 265 5684; x_wconf 86' lang='lat' dir='ltr'><strong>rum</strong></span> <span class='ocrx_word' id='word_1_802' title='bbox 277 5638 313 5684; x_wconf 89' lang='lat' dir='ltr'><strong>vta</strong></span> <span class='ocrx_word' id='word_1_803' title='bbox 324 5628 437 5684; x_wconf 83' lang='lat' dir='ltr'><strong>solitum</strong></span> <span class='ocrx_word' id='word_1_804' title='bbox 448 5626 532 5683; x_wconf 85' lang='lat' dir='ltr'><strong>luisse</strong></span> <span class='ocrx_word' id='word_1_805' title='bbox 541 5628 748 5685; x_wconf 82' lang='lat' dir='ltr'><strong>dvoerezrrllud</strong></span> <span class='ocrx_word' id='word_1_806' title='bbox 758 5642 827 5698; x_wconf 89' lang='lat' dir='ltr'><strong>opus</strong></span> <span class='ocrx_word' id='word_1_807' title='bbox 837 5643 890 5684; x_wconf 94' lang='lat' dir='ltr'><strong>non</strong></span> <span class='ocrx_word' id='word_1_808' title='bbox 900 5641 993 5684; x_wconf 85' lang='lat' dir='ltr'><strong>esser.</strong></span> <span class='ocrx_word' id='word_1_809' title='bbox 1084 5628 1124 5702; x_wconf 85' lang='lat' dir='ltr'><strong>(lv)</strong></span> <span class='ocrx_word' id='word_1_810' title='bbox 1141 5624 1184 5684; x_wconf 85' lang='lat' dir='ltr'><strong>Gi.</strong></span> <span class='ocrx_word' id='word_1_811' title='bbox 1206 5627 1321 5686; x_wconf 83' lang='lat' dir='ltr'><strong>Gersou.</strong></span> <span class='ocrx_word' id='word_1_812' title='bbox 1348 5637 1376 5686; x_wconf 91' lang='lat' dir='ltr'><strong>et</strong></span> <span class='ocrx_word' id='word_1_813' title='bbox 1401 5626 1531 5687; x_wconf 69' lang='lat' dir='ltr'><strong>lennem.</strong></span> <span class='ocrx_word' id='word_1_814' title='bbox 1556 5626 1609 5683; x_wconf 88' lang='lat' dir='ltr'><strong>loe.</strong></span> <span class='ocrx_word' id='word_1_815' title='bbox 1633 5640 1693 5699; x_wconf 88' lang='lat' dir='ltr'><strong>sup.</strong></span> <span class='ocrx_word' id='word_1_816' title='bbox 1718 5626 1785 5698; x_wconf 79' lang='lat' dir='ltr'><strong>(not.</strong></span> <span class='ocrx_word' id='word_1_817' title='bbox 1809 5629 1842 5703; x_wconf 74' lang='grc'><strong>1.)</strong></span> 
     </span>
    </p>
   </div>
   <div class='ocr_carea' id='block_1_7' title="bbox 207 5695 1118 5771">
    <p class='ocr_par' dir='ltr' id='par_1_9' title="bbox 207 5695 1118 5771">
     <span class='ocr_line' id='line_1_61' title="bbox 207 5695 1118 5771; baseline 0 -17"><span class='ocrx_word' id='word_1_818' title='bbox 207 5699 293 5766; x_wconf 82' lang='lat' dir='ltr'><strong>Quare</strong></span> <span class='ocrx_word' id='word_1_819' title='bbox 303 5699 363 5769; x_wconf 79' lang='lat' dir='ltr'><strong>eius</strong></span> <span class='ocrx_word' id='word_1_820' title='bbox 372 5697 520 5754; x_wconf 83' lang='lat' dir='ltr'><strong>editionem</strong></span> <span class='ocrx_word' id='word_1_821' title='bbox 530 5697 575 5752; x_wconf 81' lang='lat' dir='ltr'><strong>rix</strong></span> <span class='ocrx_word' id='word_1_822' title='bbox 587 5695 665 5754; x_wconf 86' lang='lat' dir='ltr'><strong>llooci</strong></span> <span class='ocrx_word' id='word_1_823' title='bbox 676 5699 769 5767; x_wconf 86' lang='lat' dir='ltr'><strong>ducas,</strong></span> <span class='ocrx_word' id='word_1_824' title='bbox 780 5706 808 5754; x_wconf 94' lang='lat' dir='ltr'><strong>et</strong></span> <span class='ocrx_word' id='word_1_825' title='bbox 818 5699 908 5771; x_wconf 87' lang='lat' dir='ltr'><strong>potius</strong></span> <span class='ocrx_word' id='word_1_826' title='bbox 922 5715 932 5750; x_wconf 87' lang='grc' dir='ltr'>ι</span> <span class='ocrx_word' id='word_1_827' title='bbox 949 5697 994 5754; x_wconf 89' lang='lat' dir='ltr'><strong>de·</strong></span> <span class='ocrx_word' id='word_1_828' title='bbox 1047 5699 1118 5756; x_wconf 91' lang='lat' dir='ltr'><strong>laud.</strong></span> 
     </span>
    </p>
   </div>
   <div class='ocr_carea' id='block_1_8' title="bbox 212 5806 1842 5980">
    <p class='ocr_par' dir='ltr' id='par_1_10' title="bbox 212 5806 1842 5980">
     <span class='ocr_line' id='line_1_62' title="bbox 239 5806 1842 5908; baseline 0.001 -21"><span class='ocrx_word' id='word_1_829' title='bbox 239 5826 310 5887; x_wconf 67' lang='lat' dir='ltr'><strong>*ct</strong></span> <span class='ocrx_word' id='word_1_830' title='bbox 334 5843 380 5895; x_wconf 86' lang='lat' dir='ltr'><strong>ea,</strong></span> <span class='ocrx_word' id='word_1_831' title='bbox 404 5841 476 5897; x_wconf 78' lang='lat' dir='ltr'><strong>quae</strong></span> <span class='ocrx_word' id='word_1_832' title='bbox 496 5829 524 5883; x_wconf 92' lang='lat' dir='ltr'><strong>in</strong></span> <span class='ocrx_word' id='word_1_833' title='bbox 537 5827 676 5887; x_wconf 84' lang='lat' dir='ltr'><strong>Prooemio</strong></span> <span class='ocrx_word' id='word_1_834' title='bbox 689 5833 723 5891; x_wconf 90' lang='lat' dir='ltr'><strong>de</strong></span> <span class='ocrx_word' id='word_1_835' title='bbox 732 5833 785 5891; x_wconf 88' lang='lat' dir='ltr'><strong>hae</strong></span> <span class='ocrx_word' id='word_1_836' title='bbox 803 5835 921 5891; x_wconf 88' lang='lat' dir='ltr'><strong>editione</strong></span> <span class='ocrx_word' id='word_1_837' title='bbox 936 5849 994 5890; x_wconf 92' lang='lat' dir='ltr'><strong>mo-</strong></span> <span class='ocrx_word' id='word_1_838' title='bbox 1048 5836 1186 5895; x_wconf 91' lang='lat' dir='ltr'><strong>oculorum</strong></span> <span class='ocrx_word' id='word_1_839' title='bbox 1199 5836 1301 5894; x_wconf 90' lang='lat' dir='ltr'><strong>lumine</strong></span> <span class='ocrx_word' id='word_1_840' title='bbox 1314 5835 1446 5908; x_wconf 80' lang='lat' dir='ltr'><strong>privatus,</strong></span> <span class='ocrx_word' id='word_1_841' title='bbox 1458 5833 1576 5891; x_wconf 90' lang='lat' dir='ltr'><strong>nonnisi</strong></span> <span class='ocrx_word' id='word_1_842' title='bbox 1588 5806 1638 5905; x_wconf 82' lang='lat' dir='ltr'><strong>per</strong></span> <span class='ocrx_word' id='word_1_843' title='bbox 1663 5833 1731 5893; x_wconf 91' lang='lat' dir='ltr'><strong>alios</strong></span> <span class='ocrx_word' id='word_1_844' title='bbox 1752 5850 1842 5892; x_wconf 86' lang='lat' dir='ltr'><strong>rerum</strong></span> 
     </span>
     <span class='ocr_line' id='line_1_63' title="bbox 212 5897 1842 5980; baseline 0.005 -27"><span class='ocrx_word' id='word_1_845' title='bbox 212 5901 322 5958; x_wconf 83' lang='lat' dir='ltr'><strong>ruimus.</strong></span> <span class='ocrx_word' id='word_1_846' title='bbox 338 5897 495 5954; x_wconf 81' lang='lat' dir='ltr'><strong>ltoleuduu</strong></span> <span class='ocrx_word' id='word_1_847' title='bbox 507 5899 636 5969; x_wconf 89' lang='lat' dir='ltr'><strong>enimest,</strong></span> <span class='ocrx_word' id='word_1_848' title='bbox 649 5905 727 5972; x_wconf 84' lang='lat' dir='ltr'><strong>quod</strong></span> <span class='ocrx_word' id='word_1_849' title='bbox 736 5905 921 5973; x_wconf 86' lang='lat' dir='ltr'><strong>Schlueterus,</strong></span> <span class='ocrx_word' id='word_1_850' title='bbox 936 5905 995 5977; x_wconf 90' lang='lat' dir='ltr'><strong>ipse</strong></span> <span class='ocrx_word' id='word_1_851' title='bbox 1048 5906 1503 5980; x_wconf 83' lang='lat' dir='ltr'><strong>miuusperitoseditionemparare</strong></span> <span class='ocrx_word' id='word_1_852' title='bbox 1512 5905 1608 5979; x_wconf 89' lang='lat' dir='ltr'><strong>potuit.</strong></span> <span class='ocrx_word' id='word_1_853' title='bbox 1620 5906 1842 5964; x_wconf 63' lang='lat' dir='ltr'><strong>hnvutovtlorr.</strong></span> 
     </span>
    </p>
   </div>
   <div class='ocr_carea' id='block_1_9' title="bbox 0 0 1996 6534">
    <p class='ocr_par' dir='ltr' id='par_1_11' title="bbox 0 0 1996 6534">
     <span class='ocr_line' id='line_1_64' title="bbox 0 0 1996 6534; baseline 0 0"><span class='ocrx_word' id='word_1_854' title='bbox 0 0 1996 6534; x_wconf 95' lang='lat' dir='ltr'><strong> </strong></span> 
     </span>
    </p>
   </div>
  </div>
 </body>
</html>
