3984 6534
582 414 683 471 LlllEll
701 414 745 470 DE
761 412 1113 475 rutunssttuauouu.

155 549 190 591 m.
209 534 305 592 Melior
323 543 366 592 est
379 535 449 592 enirn
467 535 556 591 ornuis
577 533 702 588 voluntas
723 548 820 587 corrn-
834 537 857 596 Α
873 536 937 590 mibi
949 537 1074 591 vitientur
1087 538 1139 592 line
1151 551 1205 592 rrno
1214 551 1312 608 genere
1323 538 1537 604 contineri,cunr
1548 539 1662 609 quisque

155 642 245 684 :arens
267 643 298 683 ea
319 643 372 683 non
392 636 511 683 carente.
534 625 709 680 Concluditur
735 624 823 677 omnis

155 717 174 773 ti
194 718 312 784 occasio,
332 732 473 788 poenaque
484 715 543 786 ejus
555 716 658 782 omnis,
674 715 702 770 in
715 716 823 786 propria

155 848 156 857 ,
169 812 319 870 uoluntate.

155 917 186 957 oc
198 902 362 972 Augustinus
373 902 399 956 in
413 903 499 972 primo
514 902 583 956 libro
607 902 640 955 de
651 900 735 954 libero
750 901 823 955 arbi-

155 993 215 1067 lrgn
229 991 399 1062 relinquitur,
410 1001 451 1058 ut,
467 994 592 1062 quoniam
606 992 727 1062 regnanti
740 990 822 1045 menti

155 1096 208 1155 qtte
221 1082 330 1138 uirtutis
341 1082 468 1152 quicquid
480 1098 541 1153 par,
554 1090 598 1136 unt
610 1080 759 1152 praelatum
770 1089 821 1146 est,

155 1186 170 1229 o
194 1172 260 1229 iacit
284 1176 388 1228 se'rram
405 1173 524 1229 libidinis
545 1181 655 1242 propter
673 1172 821 1242 justitiam,

155 1264 163 1319 Ι
184 1270 275 1319 autem
298 1262 411 1319 interius
424 1263 484 1328 est,
500 1280 552 1318 non
568 1265 653 1333 possit
665 1264 717 1318 boe
732 1261 822 1317 sancero

155 1352 353 1418 inbrnaitatem,
375 1355 445 1409 sient
458 1370 500 1418 ea,
517 1368 586 1424 qnae
607 1355 678 1408 inter
693 1367 741 1407 nos
756 1367 822 1409 eon-

155 1450 174 1511 t,
187 1442 294 1507 docent,
312 1443 383 1498 nulla
406 1459 449 1498 res
467 1443 520 1498 alia
535 1452 650 1498 montena
666 1443 822 1514 cupiditatis

155 1548 163 1589 t
182 1530 280 1597 iaciat,
302 1547 381 1602 quam
396 1534 503 1603 propria
525 1533 646 1586 uoluntas
665 1541 692 1588 ct
706 1533 819 1587 liberum

875 627 1006 680 aternum
1020 642 1035 679 a
1050 627 1148 681 divinis
1162 640 1279 697 vereque
1295 629 1475 694 manentibus,
1490 638 1518 683 et
1530 629 1563 683 ad
1577 637 1663 683 muta·

875 715 937 768 bilin
953 725 1033 786 atque
1048 717 1149 772 ineerta
1171 718 1347 772 conuertitur.
1366 719 1441 785 Quae
1455 734 1618 789 quamquam
1634 719 1663 774 in

874 807 968 861 ordine
978 823 1029 862 sno
1042 816 1115 863 recte
1131 807 1216 863 locata
1229 809 1301 874 sint,
1317 816 1345 863 et
1362 824 1440 864 suam
1455 811 1589 880 qnondam
1604 809 1664 882 pul·

875 898 1052 953 chrimdinem
1069 906 1215 969 peragant,
1229 900 1350 969 peruersi
1373 908 1462 955 tamen
1485 900 1567 957 animi
1582 909 1663 959 estet

874 987 1028 1053 inordinati,
1043 987 1084 1043 eis
1107 990 1253 1058 sequendis
1275 987 1380 1057 subjici,
1396 990 1494 1060 quibus
1509 992 1543 1047 ad
1565 1000 1660 1048 nutum

874 1093 952 1132 suurn
965 1078 1094 1135 ducendis
1103 1080 1194 1150 potins
1204 1080 1295 1136 diuino
1306 1081 1401 1136 ordine
1412 1082 1512 1153 acjure
1521 1083 1660 1154 praelatus

873 1176 914 1225 est

1131 1242 1329 1301 (ldl‘lTULllll
1348 1244 1403 1300 vlt.

875 1351 951 1418 Quod
969 1351 1079 1407 liberum
1099 1353 1240 1408 uoluntatis
1254 1355 1392 1409 arbitrium
1415 1354 1606 1410 numerandam
1627 1358 1661 1411 rit

907 1423 975 1476 inter
986 1423 1053 1476 bono
1067 1440 1134 1493 quoe
1151 1424 1221 1478 Deera
1237 1426 1336 1479 iromini
1353 1424 1475 1496 largitor,
1495 1427 1613 1496 quemuis
1630 1442 1661 1481 eo

908 1492 976 1546 artoie
987 1502 1087 1547 artatur.
1101 1494 1175 1560 Quae
1186 1499 1313 1551 est'eouoo
1325 1497 1423 1565 peceati
1436 1506 1459 1550 et
1472 1496 1627 1566 peccalum?

155 1630 189 1690 n,
205 1622 331 1695 iusteque
354 1622 425 1676 illam
443 1638 492 1691 pro
506 1632 617 1692 peccato
633 1629 707 1676 tanto
720 1636 821 1692 poenas
907 1625 928 1679 i.
944 1624 1002 1681 Non
1013 1641 1077 1700 ergo
1088 1627 1202 1683 libcmm
1217 1629 1358 1684 arbitrium
1373 1628 1473 1684 malurn
1485 1639 1537 1695 est,
1554 1646 1614 1686 curn
1629 1645 1661 1687 co

155 1710 245 1781 ‚Qtrid
259 1710 352 1766 enim?
371 1708 439 1765 lium
453 1711 509 1781 ipsa
522 1726 607 1780 poena
628 1726 710 1782 parra
728 1712 821 1765 existi·
872 1714 985 1787 quisque
1000 1696 1078 1772 'male
1101 1727 1202 1784 utatur,
1226 1718 1273 1776 sed
1299 1728 1341 1775 est
1367 1722 1563 1777 numerandum
1590 1724 1662 1779 iuter

155 1798 194 1868 itt,
206 1801 278 1871 ll¹¹⁰⁶
293 1801 317 1855 θῑ
331 1799 414 1855 ¹lb5¹¹⁰
426 1801 588 1865 (mintius,
604 1801 820 1870 0¹l⁰¹5ss¹³¹¹lsl¹¹0
836 1846 858 1906 B
873 1809 952 1873 bona,
966 1825 1035 1880 quae
1047 1811 1148 1866 lioudni
1160 1811 1249 1866 <lirina
1262 1811 1385 1883 largitate
1396 1813 1493 1869 (lucrata
1504 1826 1575 1880 sunt,
1584 1830 1662 1886 prac-

160 1892 298 1973 obllleblia
319 1906 370 1961 per
390 1893 494 1947 diversa
515 1892 632 1961 inopem,
649 1900 729 1960 allide
751 1894 820 1947 intll-
872 1901 965 1955 sertim
980 1917 1040 1956 curm
1054 1904 1141 1972 potius
1155 1905 1188 1958 ad
1203 1905 1272 1959 benc
1285 1905 1412 1961 utendum
1427 1916 1460 1962 co
1471 1906 1561 1963 dotum
1573 1908 1618 1963 sit.
1631 1909 1660 1966 ln

155 1986 258 2049 trabit,
279 2000 350 2039 mme
373 1983 438 2039 ialsa
461 1985 594 2054 provenis
615 1986 818 2054 approbantem,
872 1986 922 2045 boe
940 1992 1012 2043 enirn
1026 1994 1143 2046 ruaxirue
1158 1994 1280 2063 arguitur
1294 1995 1411 2049 bumana
1430 1996 1571 2061 volumtas,
1588 1998 1660 2069 quod

155 2072 200 2132 ar'n
211 2076 428 2139 defensitantem,
440 2090 512 2129 nune
527 2076 733 2145 improbantem,
750 2091 819 2144 «grane
870 2094 902 2133 eo
917 2079 996 2143 tlttttb,
1011 2080 1081 2148 qnod
1095 2082 1119 2135 ci
1135 2081 1227 2135 datum
1241 2092 1282 2137 est
1305 2083 1339 2137 ad
1359 2093 1433 2138 recte
1448 2088 1587 2152 utendum,
1604 2103 1660 2142 arin-

155 2166 316 2232 robarisset,
339 2174 365 2222 et
390 2166 567 2221 nibilominus
592 2168 600 2198 ¹
625 2166 651 2219 in
676 2166 727 2220 alia
752 2165 818 2220 salsa
870 2167 919 2222 luit
933 2183 1059 2238 peruerse
1071 2171 1119 2223 nti.
1134 2170 1187 2226 Sed
1200 2173 1298 2227 merito
1311 2173 1460 2243 quaeritur,
1481 2190 1531 2229 cur
1544 2190 1576 2231 eo
1590 2177 1660 2232 male

155 2264 195 2324 ut,
208 2272 281 2312 nrrnc
302 2256 484 2312 assensionem
500 2255 709 2325 suspendentem
731 2271 817 2319 suam,
869 2258 908 2312 titi
923 2258 1029 2330 potuit?
1045 2239 1389 2333 Respondeb'rsqffia‘mo'n
1407 2271 1449 2319 est
1467 2279 1594 2335 maguum
1612 2268 1661 2322 bo-

155 2350 230 2418 nique
251 2347 408 2418 perspicuas
430 2345 650 2400 ratiocinationes
673 2344 819 2400 sormidan-
869 2362 942 2410 uum,
959 2362 1013 2418 quo
1029 2364 1108 2404 uerno
1121 2350 1191 2405 male
1214 2353 1251 2406 uti
1274 2360 1371 2422 potest.
1386 2351 1456 2409 Sunt
1473 2355 1544 2409 enim
1561 2370 1662 2428 maguav

155 2454 181 2497 rc
192 2441 382 2511 desperantem
398 2438 431 2493 de
444 2445 500 2493 tota
515 2437 670 2491 inventione
683 2435 816 2500 ueritatis,
869 2439 950 2504 bona,
963 2455 1032 2510 quae
1049 2457 1064 2496 a
1086 2440 1140 2497 lico
1156 2444 1257 2498 bomini
1280 2444 1291 2476 ¹
1310 2446 1454 2511 donantur,
1473 2454 1536 2502 sunt
1559 2448 1658 2513 media,

155 2532 209 2587 tiae
234 2529 354 2585 tenebris
379 2528 487 2598 ponitus
515 2526 717 2589 inhaerentem,
746 2541 818 2581 narnc
869 2541 931 2588 sent
944 2532 1065 2588 minima.
1080 2532 1113 2588 Ec
1125 2535 1233 2605 quidem
1250 2536 1353 2606 magnis
1369 2536 1458 2593 nullus
1477 2537 1547 2591 male
1562 2538 1657 2592 utitur

155 2624 173 2679 rl
195 2622 223 2679 ln
244 2620 332 2677 breem
356 2619 532 2690 intelligendi,
549 2632 696 2687 rursusque
719 2616 816 2688 iatiga-
868 2620 935 2688 Quis
944 2622 1016 2678 euim
1029 2625 1133 2693 pruden
1149 2612 1386 2696 raJemperarrtia,
1399 2627 1660 2696 fortitudiuejrnti-

155 2708 312 2775 ettennon,
336 2724 396 2766 cum
425 2712 527 2766 interca
551 2709 728 2780 cupiditatum
753 2707 817 2762 illud
869 2715 904 2768 tia
920 2714 990 2769 rurale
1009 2715 1049 2768 uti
1068 2716 1174 2784 potest?
1189 2714 1282 2771 llediis
1298 2732 1362 2772 vero
1377 2718 1470 2782 bouis,
1486 2717 1658 2787 minimisque

163 2805 305 2881 tgmrinice
326 2803 444 2868 saeviat,
471 2811 497 2856 et
512 2801 594 2855 uariis
620 2800 817 2868 contrariisque
867 2820 916 2875 pro
931 2805 1044 2859 arbitrio
1059 2807 1160 2861 utootis
1181 2816 1208 2862 et
1234 2809 1420 2879 recte-vidtur
1440 2810 1451 2842 ⁸
1474 2819 1500 2862 et
1522 2822 1657 2877 peruerse.

155 2899 233 2956 itibus
243 2888 328 2953 orum
341 2896 456 2951 libidinis
467 2895 584 2948 auiruuru
595 2934 602 2957 ,
615 2893 750 2960 uitamque
760 2907 817 2960 per·
867 2894 959 2949 Potest
973 2895 1044 2949 cuim
1056 2894 1153 2965 aliqtris
1165 2898 1189 2950 in
1203 2898 1354 2965 disciplina,
1370 2898 1445 2953 uerbi
1462 2913 1553 2963 cansa,
1567 2898 1658 2968 dispa-

155 2986 219 3043 ntor
232 2986 338 3049 timore,
355 2984 415 3039 iude
429 2983 572 3047 desiderio,
589 2981 651 3035 binc
667 2981 813 3042 arixietate,
868 2988 952 3050 tundi,
975 3001 1044 3054 quae
1067 2987 1166 3041 dicitnr
1190 2988 1346 3054 dialectica,
1361 2991 1475 3059 peritus,
1491 3004 1559 3058 quac
1584 2989 1657 3043 nullo

155 3072 309 3145 nllalsaque
327 3074 443 3135 laetitia,
463 3073 526 3127 binc
542 3071 664 3125 cruciatu
678 3068 716 3123 rei
731 3069 814 3122 amis·
867 3078 1005 3132 dubitante
1020 3093 1036 3133 a
1057 3078 1112 3132 lico
1132 3078 1235 3134 homiui
1260 3079 1423 3144 doratensi
1443 3079 1573 3146 uoluerit,
1588 3081 1657 3135 lnam

155 3172 182 3224 t'e
205 3165 378 3237 diligebatur,
403 3164 464 3217 inde
486 3161 583 3216 ardore
610 3159 813 3227 adipiscendae,
866 3167 915 3232 uti,
930 3167 1057 3236 quoniam
1079 3168 1113 3221 ad
1134 3168 1187 3222 boc
1209 3169 1360 3223 certissime
1382 3168 1442 3223 data
1463 3178 1521 3235 est,
1537 3169 1600 3224 dum
1623 3184 1655 3224 cn

155 3272 166 3313 l
181 3256 343 3319 babebalffl's
358 3254 421 3309 bille
435 3260 561 3320 acceptae
582 3249 696 3316 injuriae
716 3248 814 3302 1¹0¹0ti·
867 3256 1022 3327 ignorantes
1035 3271 1094 3311 cam
1110 3257 1208 3320 erudit,
1222 3272 1286 3313 uera
1302 3258 1423 3328 salsaque
1437 3259 1577 3323 discernit,
1588 3274 1654 3313 corr·

155 3345 283 3405 eiaeibus
297 3343 482 3406 vindicandae,
499 3355 713 3423 quaquaversum
728 3348 816 3409 potest
867 3347 924 3400 lusa
939 3346 1043 3411 diuidit,
1058 3357 1182 3416 separata
1195 3347 1314 3418 colligit,
1332 3347 1359 3402 ln
1373 3347 1499 3404 omnibns
1512 3348 1654 3403 ueritatem

168 3438 180 3470 ¹
200 3434 326 3499 alatilia,
353 3433 484 3501 dissilire
500 3430 642 3493 linem-in,
669 3428 785 3496 adiicere
804 3428 815 3458 ⁸
866 3438 987 3505 inquirit.
1001 3437 1124 3492 l‘otcstc
1149 3439 1288 3493 contrario
1302 3437 1454 3507 perniciose
1477 3437 1567 3493 uiuere
1584 3438 1605 3503 ³,
1621 3438 1655 3493 ad

155 3528 265 3585 ‚lallare
280 3524 423 3595 superbia,
440 3532 564 3592 torquere
581 3520 695 3582 inuidia,
712 3517 814 3574 desidia
865 3530 936 3597 quod
950 3542 1002 3582 non
1016 3538 1057 3582 esc
1068 3529 1144 3592 datu,
1161 3527 1222 3582 dnm
1238 3526 1304 3583 laisa
1323 3542 1372 3598 pro
1389 3528 1461 3582 reris
1481 3530 1653 3599 approbans,

164 3614 319 3689 pervicacia
332 3614 478 3678 concitare,
492 3613 620 3667 bilbilim
635 3612 774 3679 Slllb'ttlltb
788 3619 815 3665 ⁰1
865 3616 932 3674 aiios
944 3618 970 3672 in
984 3618 1105 3673 errorcr'u
1126 3617 1230 3683 mitat,
1255 3616 1383 3687 falsisque
1405 3616 1656 3674 ratiocinationibus

155 3726 202 3783 qne
210 3710 263 3764 alia
271 3705 478 3763 innumerabilia
491 3719 601 3775 regnum
616 3704 687 3759 illius
697 3705 814 3759 libidinis
865 3709 1025 3780 simplicium
1037 3723 1132 3763 seusus
1142 3707 1299 3772 confundat,
1313 3706 1503 3762 cuniundendo
1516 3707 1652 3776 caliginat,

155 3802 219 3861 rnt⁸
232 3812 260 3858 et
272 3807 409 3858 exercent.
429 3794 609 3852 Possumusne
631 3798 737 3851 tandem
755 3795 814 3849 nul-

155 3902 300 3970 npoenain
320 3901 425 3964 putare,
440 3904 537 3960 qnam,
551 3898 580 3943 ut
597 3888 693 3948 cernis,
708 3904 812 3954 orrarres,

155 3990 315 4067 {inhaerent
328 3987 339 4018 ⁸
354 3986 514 4056 sapientiae,
531 3997 641 4038 necesse
654 3993 695 4037 cst
716 3997 810 4051 perpe·

155 4084 196 4141 nid
206 4091 297 4139 autem
312 4079 425 4150 quisque
438 4076 593 4132 sectandum
609 4087 635 4129 ct
650 4076 813 4143 aurplccteu·

155 4186 189 4241 at,
205 4174 234 4230 in
249 4173 388 4227 uoluntate
401 4186 459 4225 csse
473 4170 588 4239 positum
603 4168 741 4232 coristitit,
757 4168 814 4222 nid-

157 4266 193 4323 de
203 4262 430 4321 arcedonrirrandi
445 4270 571 4328 rectoque
584 4258 678 4312 ordine
695 4265 811 4311 ritcutcur

155 4356 198 4415 risi
217 4355 372 4417 voluntate,
387 4360 414 4405 et
431 4358 472 4404 cst
489 4346 672 4411 ritartiiesturu,
687 4364 738 4401 nrm
755 4363 811 4400 rem

155 4464 198 4505 tttrt
209 4461 242 4502 ee
258 4443 373 4514 qrdsque
389 4438 457 4495 male
470 4438 563 4502 utitur,
580 4438 627 4491 sed
643 4437 728 4505 ipsum
744 4435 812 4490 nrale

159 4534 221 4595 esse
233 4534 410 4604 arguendum.

155 4627 251 4684 toeirca
264 4624 328 4679 iicet
343 4634 413 4676 noire
426 4620 638 4674 anilitadrertcre
652 4627 679 4672 et
690 4619 811 4673 couside-

155 4733 211 4773 rum
231 4715 266 4770 sit
287 4711 358 4769 aliud
377 4711 446 4766 male
462 4709 565 4771 inicere,
580 4723 659 4779 qnam
681 4708 812 4778 neglectis

157 4805 250 4871 ternis,
271 4803 369 4873 (quilius
391 4815 439 4871 per
456 4814 485 4854 se
508 4800 591 4866 ipsam
610 4812 687 4850 tineus
701 4795 811 4862 inuitur,

155 4920 160 4956 r
177 4900 265 4970 ipsam
286 4893 410 4966 percipit,
434 4898 462 4945 ct
482 4904 550 4958 quae
572 4902 666 4942 anarrns
687 4887 811 4941 auuttere

155 4999 189 5047 >st
200 4983 376 5056 temporalia,
392 4989 419 5035 ct
432 4992 555 5049 quaeque
574 4992 623 5046 per
643 4990 741 5044 corpus
753 4991 812 5045 par·

157 5081 208 5137 inis
222 5074 378 5132 vilissimam
393 5071 552 5133 sentiuntur,
564 5075 591 5122 et
605 5083 741 5136 nunquam
751 5080 811 5123 esse

155 5176 237 5233 saum,
248 5163 325 5236 quasi
340 5176 433 5232 magua
447 5168 473 5213 et
488 5158 609 5212 miranda
623 5159 731 5213 sectari.
744 5157 809 5211 Natu

167 5271 266 5333 genere
285 5253 375 5309 omnia
399 5249 610 5360 malesanam
621 5257 678 5314 est,
699 5259 812 5317 peccata

865 3817 898 3856 ne
919 3816 1012 3855 corum
1033 3799 1128 3854 oculus
1151 3798 1272 3862 interior,
1286 3798 1331 3867 qni
1346 3805 1388 3850 est
1401 3796 1518 3859 animus,
1536 3796 1569 3848 ad
1585 3802 1654 3850 noti-

865 3891 928 3943 tiam
952 3903 1036 3958 purae
1062 3888 1145 3957 ipsius
1168 3886 1289 3940 ueritatis
1313 3886 1461 3954 perveniat.
1488 3884 1565 3939 Sicut
1588 3898 1653 3955 ergo

865 3980 921 4047 ipsa
936 3976 1093 4046 disciplina,
1108 3978 1130 4030 si
1146 3977 1218 4030 inter
1240 3990 1336 4045 magna
1358 3976 1427 4030 bona
1453 3958 1652 4041 numeraffir,

865 4069 953 4123 nullus
970 4084 1001 4123 ea
1017 4067 1135 4135 falleret,
1162 4066 1250 4120 rrrrllus
1265 4064 1414 4131 falleretur,
1430 4067 1479 4132 ita,
1492 4067 1515 4121 si
1537 4064 1651 4123 liberum

864 4160 1006 4214 arbitrium
1021 4158 1047 4213 in
1060 4173 1173 4213 numero
1184 4171 1344 4228 magnorum
1360 4156 1492 4212 bonorum
1504 4156 1650 4212 collocare·

865 4261 918 4314 tur,
934 4249 1023 4304 nullus
1044 4266 1076 4305 eo
1099 4251 1169 4305 male
1191 4260 1271 4305 utens
1292 4250 1379 4319 primo
1401 4249 1548 4314 laberetur,
1564 4249 1651 4303 nullus

864 4354 1061 4412 cousequenter
1085 4343 1154 4396 nuato
1176 4343 1275 4396 utendo
1297 4341 1448 4410 puniretur.
1472 4340 1539 4408 Quis
1561 4348 1650 4395 autem

864 4448 916 4486 nnn
933 4432 1022 4487 rideat
1035 4431 1252 4500 irequentissime
1264 4432 1388 4486 homines
1402 4429 1470 4485 male
1483 4440 1588 4485 utentes
1599 4431 1652 4484 rui-

864 4523 944 4578 nirnis
956 4523 1078 4586 bouis,a
1094 4522 1148 4576 Deo
1164 4531 1252 4576 tamen
1268 4521 1438 4584 commissis,
1453 4529 1482 4575 ut
1504 4528 1567 4575 sunt
1586 4536 1648 4590 spc-

863 4613 919 4668 cies
942 4625 1107 4681 corporeae,
1122 4626 1268 4680 canumque
1293 4610 1527 4682 pulchritudines,
1553 4612 1651 4680 quibus

864 4706 980 4759 inanima
994 4705 1133 4758 bomirnrm
1150 4702 1292 4759 rrrrtltitudo
1307 4703 1340 4756 ad
1353 4702 1443 4762 varias
1454 4717 1548 4758 eortrm
1562 4701 1650 4757 libidi-

863 4808 911 4849 nes
931 4793 1077 4863 erplendas
1099 4791 1237 4846 mortifere
1261 4792 1356 4857 utitur,
1379 4804 1440 4846 cum
1461 4792 1562 4847 eisdem
1584 4791 1649 4862 ipsis

863 4887 916 4958 pie,
935 4886 1017 4955 iuste,
1033 4894 1160 4955 recteque
1180 4891 1321 4939 uterentur
1342 4883 1376 4937 ad
1395 4883 1520 4937 meriton
1534 4882 1651 4938 beatitu-

864 4976 934 5033 dinis
947 4990 1021 5041 suae,
1035 4976 1058 5031 si
1073 4990 1120 5031 eas
1132 4975 1166 5030 ad
1179 4973 1284 5029 larrdcm
1295 4971 1434 5028 Creatoris
1446 4972 1595 5029 reterrenti

899 5067 930 5123 ll.
947 5066 1000 5121 Sed
1010 5069 1116 5131 utbaec
1129 5064 1249 5147 apertius
1260 5064 1450 5134 approbemus,
1464 5062 1550 5117 saned
1562 5060 1650 5117 Patris

864 5156 1003 5227 Augustini
1018 5146 1407 5224 suaviloqm'rcmuponenda
1423 5160 1497 5206 sunt.
1514 5151 1558 5203 ait
1574 5149 1647 5204 onim

864 5250 891 5304 iu
905 5249 974 5304 libro
989 5249 1106 5303 secundo
1122 5248 1153 5300 de
1167 5246 1251 5300 libero
1264 5245 1395 5300 arbitrio:
1412 5261 1422 5293 r
1440 5241 1565 5297 Constitit
1576 5240 1648 5293 iuter

660 5374 787 5432 vanans
806 5377 1007 5435 tensiones.

169 5476 378 5539 nihilhominus.
433 5469 646 5524 'bleonrctnre
683 5466 839 5521 ’Codani
858 5486 913 5523 ore.
953 5466 1023 5523 ‘Sic
1038 5466 1162 5533 cod.,ll.
1184 5468 1295 5522 odorere
1306 5467 1378 5520 etad
1393 5479 1478 5535 marg.
1496 5462 1584 5517 adscr.
1607 5459 1645 5518 ot.

155 5589 160 5604 .
192 5549 293 5604 ”Corn
316 5545 375 5600 cod.
388 5541 592 5611 frequentantia.
630 5536 640 5565 ⁰
655 5536 715 5588 Nou
730 5551 784 5590 orn.
797 5552 829 5590 eo
850 5554 869 5601 .;
884 5539 917 5591 ll.
932 5555 985 5593 non
1001 5538 1153 5603 adimerent,
1166 5545 1193 5594 et
1204 5539 1238 5593 ad
1249 5551 1334 5606 marg.
1348 5537 1435 5592 adscr.
1447 5534 1482 5587 ot.
1501 5534 1646 5589 irrteoerent·

155 5623 182 5687 l.‚
194 5618 230 5673 ll.
246 5614 372 5671 dominio
389 5612 454 5664 beo.
491 5610 502 5639 ⁸
518 5609 562 5662 Sic
576 5607 649 5670 cod,
664 5605 698 5658 lt.
713 5607 803 5659 ratitum.
842 5606 852 5637 ⁰
871 5606 917 5662 Sic
927 5610 999 5674 cod..
1017 5609 1050 5661 ll.
1068 5609 1115 5661 uti.

786 5723 908 5778 NOTAE.

155 5808 232 5863 ustin.
248 5806 280 5859 de
295 5803 373 5857 libero
384 5799 491 5854 arbitrio
505 5796 526 5862 l,
544 5798 583 5850 ll.
