3984 6534
776 292 987 354 PRODEtiiUD.
1663 303 1694 345 ιιι

66 441 154 524 pleni
198 435 327 501 luminis
361 406 591 514 praeperfectae
621 427 847 508 perfectionis:
884 425 994 488 etenim
1031 424 1111 486 nihil
1149 425 1322 505 perfeetum
1356 432 1412 489 aut
1451 443 1522 489 non·
1553 425 1695 506 indiyens

68 556 286 624 universaliter
308 552 538 633 perfectionis,
568 550 633 611 nisi
663 567 732 610 vere
757 567 868 628 perse
894 550 1068 629 perfectum
1095 554 1124 609 et
1149 552 1407 637 praeperfectum.
1437 551 1512 630 Cap.
1541 551 1599 611 XI.
1620 551 1697 614 istie

69 662 172 749 dutem
198 678 410 745 determinatis
446 669 530 734 illud
563 670 692 751 diynum
730 668 911 743 attendere,
944 675 1080 747 propter
1114 683 1205 746 quam
1241 685 1365 729 causam
1405 672 1565 733 universas
1603 672 1698 734 simul

69 804 225 886 onyelicar
241 799 431 862 substantias
459 770 599 860 caelestes
632 796 763 857 virtutes
794 811 906 855 vocare
929 791 1155 866 consuevimus,
1181 798 1242 854 cet.
1270 791 1397 855 Finitur
1428 795 1534 857 verbis
1550 814 1558 854 s
1575 794 1698 856 candem

69 928 173 983 autem
193 920 341 981 virtutem
380 914 553 996 praedictis
591 914 735 978 habentia
769 914 1036 994 praetermisimus
1060 921 1087 975 et
1116 916 1443 977 commensurationem
1468 917 1508 996 (a.
1539 935 1582 979 m.
1615 932 1697 980 corr.

71 1035 344 1117 comensurationi)
375 1037 523 1099 sermonis
551 1035 770 1118 providentes,
801 1044 829 1097 et
860 1053 955 1115 super
982 1055 1040 1097 nos
1070 1035 1226 1098 occultum
1256 1036 1381 1099 silentio
1407 1045 1596 1101 uenerantes.
1624 1038 1701 1100 Ea-

68 1159 166 1240 plieit
197 1157 276 1220 liher
298 1155 379 1219 beati
409 1157 556 1237 Dionysii
578 1159 716 1238 episcopi
739 1159 931 1221 Athenarum
957 1179 995 1221 erc
1021 1161 1225 1240 Areopayitis
1255 1160 1291 1223 de
1320 1161 1628 1226 caelestiierarchia.
1711 1181 1716 1197 ·

110 1291 141 1352 D.
166 1287 223 1352 fol.
252 1287 454 1362 t‚1-19,1.
479 1282 613 1345 Ioannis
638 1281 786 1343 Saraceni
811 1281 913 1343 versio
940 1252 1163 1345 ecclesiasticae
1190 1251 1378 1344 ierarchiae.
1406 1280 1576 1342 Orditnra
1602 1282 1698 1346 titulo

69 1404 205 1469 miniato
236 1424 245 1463 s
278 1403 323 1464 De
352 1401 560 1464 ecclesiastiea
584 1397 756 1461 Ierarehia.
778 1398 900 1478 Incipit
921 1398 1076 1479 prolapus
1104 1401 1239 1462 ioannis
1271 1371 1420 1461 sadaeeni
1445 1397 1489 1460 'ad
1515 1399 1701 1478 mayistrum

68 1526 222 1586 loannem
243 1522 279 1584 de
304 1522 482 1586 Sarabere'ir
511 1521 547 1585 de
577 1520 785 1583 ecclesiastica
814 1523 986 1584 ierarchia.
1028 1522 1106 1585 Post
1142 1523 1381 1586 translationem
1413 1523 1570 1603 anyelicae
1593 1527 1701 1588 lerur-

69 1646 158 1709 chiae
183 1645 419 1708 translationem
439 1643 662 1709 ecclesiasticae
676 1643 799 1718 distuli,
822 1649 883 1708 cet.
897 1644 1070 1724 Prologum
1098 1645 1215 1727 excipit
1231 1648 1350 1723 versio,
1380 1664 1463 1727 quae
1491 1647 1538 1713 sic
1564 1649 1702 1715 finituri

68 1770 173 1836 Trade
188 1770 302 1850 iyitur,
321 1769 459 1841 comice,
488 1774 517 1828 et
545 1767 611 1846 ipse
633 1764 710 1827 mihi
722 1765 937 1845 perfectiorem
965 1763 1238 1840 illuminationem,
1269 1774 1297 1827 et
1324 1772 1465 1828 menstra
1487 1766 1560 1829 meis
1587 1764 1701 1845 oculis,

71 1913 148 1974 quas
160 1892 265 1956 videre
279 1893 382 1973 possis
396 1888 657 1954 convenientiores
671 1885 925 1967 pulchritudines
941 1895 968 1948 et
984 1888 1229 1970 uniformiores,·
1246 1890 1367 1971 confido
1397 1891 1488 1964 enim,
1504 1891 1589 1972 yuod
1604 1911 1704 1973 prae-

76 2011 164 2074 dicto
180 2029 233 2091 syo
248 2013 402 2091 repositas
429 2013 463 2072 in
477 2019 505 2072 te
527 2008 628 2072 divini
655 2007 739 2087 iynis
764 2005 925 2068 accendam
945 2009 1110 2072 scintillas.
1130 2009 1277 2089 Explicit
1293 2011 1373 2075 liber
1386 2016 1533 2097 Dionysii
1557 2019 1702 2097 Areopa-

69 2134 155 2215 yitae
169 2133 310 2212 episcopi
336 2132 528 2193 Athenarum
566 2126 607 2189 ad
650 2125 843 2187 Timotheum
874 2127 1054 2205 episcopum
1079 2127 1195 2207 Ephesi
1224 2129 1260 2189 de
1288 2131 1496 2195 ecclesiastico
1530 2133 1698 2196 ierarchia.

111 2254 141 2314 3.
158 2250 213 2314 iai.
229 2251 337 2326 19,2-
355 2250 432 2323 ini
456 2248 557 2312 literis
572 2245 673 2309 multo
688 2245 867 2309 minoribus
883 2251 914 2307 et
931 2246 1079 2324 plurimis
1098 2248 1331 2312 abbreviatoris
1352 2257 1504 2315 tractatus
1517 2255 1675 2333 anonymi
1692 2299 1702 2333 ,

72 2383 129 2464 qni
141 2381 254 2462 incipit
266 2397 284 2442 a
294 2380 390 2443 titulo
406 2379 537 2441 miniato
551 2399 559 2438 ι
574 2374 694 2456 Incipit
709 2374 838 2455 quidam
854 2381 1009 2436 tractatus
1022 2375 1133 2453 honus,
1147 2379 1202 2458 yui
1215 2386 1333 2440 nonest
1347 2379 1383 2441 de
1396 2379 1486 2444 lihris
1501 2384 1660 2464 Dionysii,
1673 2392 1703 2447 et

73 2514 280 2595 duratusque
303 2511 346 2572 ad
364 2510 428 2575 VII
452 2510 565 2592 folium
580 2508 625 2572 ihi
641 2526 756 2570 memor
777 2515 858 2608 csfns
874 2513 935 2571 cet.
954 2507 1025 2590 (alia
1043 2527 1156 2573 manus
1173 2517 1246 2590 post
1265 2528 1372 2575 vocem
1390 2531 1506 2575 memor
1525 2521 1704 2580 atramento

74 2647 168 2726 nigro
195 2663 290 2724 supra
314 2644 415 2707 adscr.
446 2639 600 2724 hospitii),
625 2647 657 2703 et
678 2639 803 2703 orditur
819 2659 836 2702 a
851 2640 983 2704 verbis:
1006 2641 1112 2704 Omnis
1129 2645 1268 2722 coynitio
1286 2652 1340 2707 aut
1357 2655 1400 2708 est
1419 2645 1567 2721 initialis,
1588 2653 1644 2709 aut
1662 2666 1703 2712 ea

72 2774 297 2854 praeexistenti
311 2775 436 2856 aliqua:
455 2773 553 2834 omnis
568 2778 670 2833 autem
698 2769 834 2832 initialis
852 2777 906 2832 aut
923 2777 966 2833 est
983 2770 1166 2850 sinyularis,
1184 2780 1240 2833 aut
1260 2774 1469 2846 universalis:
1485 2779 1514 2839 si
1528 2775 1703 2856 sinyularir

74 2916 130 2985 est,
147 2908 206 2970 erit
223 2926 329 2970 sensus
345 2907 409 2970 sive
427 2905 692 2985 opperientiosive
707 2903 865 2977 memoria,
883 2903 913 2964 si
931 2901 1130 2973 universalis,
1147 2903 1207 2962 crit
1218 2903 1391 2965 intellectus
1408 2913 1468 2969 cet.
1488 2908 1614 2970 Finitur
1636 2909 1703 2975 sic:

75 3037 157 3098 Sunt
172 3037 250 3097 enim
266 3038 380 3117 anyeli,
396 3039 449 3118 qui
464 3038 520 3100 hoc
536 3036 647 3099 hahent
662 3039 696 3097 in
718 3053 853 3107 munere,
872 3039 907 3093 ut
928 3049 1034 3092 eorum
1050 3031 1226 3092 ministerio
1242 3032 1320 3111 faut
1342 3035 1513 3114 miracula,
1530 3045 1558 3099 et
1576 3038 1620 3101 eir
1645 3059 1705 3104 me·

77 3163 239 3226 diantibus
263 3166 341 3244 faut
357 3167 488 3228 uirtutes
511 3167 545 3227 in
568 3163 757 3226 hominihus.
784 3162 829 3223 Hi
853 3162 1049 3223 constituunt
1071 3159 1227 3236 ordinem,
1259 3163 1314 3242 qui
1344 3163 1463 3226 dicitur
1486 3164 1630 3227 virtutes.
1655 3167 1703 3230 Hi

48 3287 58 3299 “
77 3296 181 3358 adesse
195 3295 365 3358 traduntur
379 3298 413 3359 in
428 3296 537 3373 altari,
553 3313 622 3357 cum
636 3295 729 3376 panis
751 3301 894 3354 mutatur
907 3294 940 3355 in
964 3310 1080 3371 corpus
1095 3291 1227 3356 Christi.
1242 3292 1286 3353 De
1304 3311 1410 3355 eorum
1426 3296 1586 3358 consortio
1614 3306 1707 3361 erunt

77 3426 139 3500 illi,
155 3426 267 3508 quihus
284 3424 498 3507 spiritualiter
515 3423 623 3486 datum
638 3424 729 3504 quasi
748 3422 914 3504 spirituali
930 3441 1065 3498 munere,
1083 3424 1359 3506 faceremiracula.
1374 3425 1461 3487 Huic
1479 3426 1588 3491 ordini
1604 3447 1704 3511 oppa·

74 3564 171 3627 ritum
199 3567 242 3622 est
272 3557 354 3622 illud
377 3556 540 3637 colleyium
578 3555 769 3633 daunanum,
807 3557 980 3619 ministerio
1008 3575 1142 3639 quorum
1174 3559 1254 3638 funt
1286 3560 1462 3640 praestiyia
1496 3559 1537 3622 ad
1569 3562 1707 3628 homines

75 3693 266 3760 illudendos.
284 3694 329 3755 De
354 3711 459 3756 eorum
485 3693 644 3756 consertio
669 3692 717 3754 sel
743 3701 896 3755 conventu
916 3701 1005 3755 crunt
1036 3691 1097 3767 illi,
1117 3691 1172 3773 qui
1197 3694 1382 3773 praestiyiis
1407 3703 1435 3756 et
1457 3693 1707 3763 divinationibus

75 3828 265 3898 intendunt:
281 3824 424 3890 ordinate
439 3833 541 3888 autem
555 3824 752 3906 praedictum
768 3824 909 3886 insinuat
928 3824 1055 3903 primus
1072 3823 1228 3885 articulus
1253 3823 1486 3906 descriptionis,
1502 3845 1571 3888 cum
1587 3828 1709 3896 dicitur

74 3977 132 4022 nec
159 3958 277 4039 leyiltus
309 3974 487 4019 accurrens.
517 3954 677 4019 Praedicti
704 3964 806 4017 autem
836 3952 939 4034 anyeli
975 3972 1028 4016 nec
1057 3953 1175 4033 leyihus
1208 3925 1393 4031 occurrunt,
1426 3960 1541 4042 quippe
1572 3971 1708 4045 propter

79 4087 187 4167 leyen,
205 4106 257 4150 nec
279 4084 378 4149 multa
395 4083 550 4147 miracula
563 4085 696 4166 faciunt.
712 4084 793 4146 Sunt
812 4091 838 4144 et
858 4081 916 4144 alii
936 4082 1051 4162 anyeli,
1072 4083 1127 4163 yui
1142 4083 1200 4145 hoe
1228 4093 1412 4165 acceperunt
1443 4087 1477 4148 in
1503 4106 1637 4153 munere.
1656 4090 1707 4155 Ad

76 4216 256 4295 marginem
273 4215 467 4295 adscriptum
486 4213 621 4292 legitur:
642 4213 744 4292 deficit
759 4212 891 4294 aliquid.

119 4368 255 4450 Reliqua
269 4384 342 4447 pars
358 4364 413 4428 iai.
430 4365 482 4438 hh,
499 4365 515 4424 1
536 4364 653 4444 tegitur
675 4362 771 4423 rebus
799 4361 921 4423 nullius
953 4360 1123 4434 momenti,
1142 4378 1159 4421 a
1178 4363 1349 4425 recentiori
1374 4381 1470 4429 manu
1494 4368 1612 4447 pallido
1627 4376 1710 4440 alra.

77 4505 190 4566 menia
213 4495 354 4579 pessime
373 4493 512 4558 exaratis
528 4515 536 4569 3
552 4493 608 4557 foi.
636 4492 722 4567 M
746 4490 840 4554 dictis
854 4492 1038 4572 huyustini,
1052 4492 1224 4595 recentiori
1243 4492 1305 4557 alia
1330 4512 1426 4559 manu
1443 4504 1620 4568 atramento
1631 4503 1710 4568 satis

78 4627 307 4711 nigromslius
322 4625 461 4707 scriptis.
1202 4599 1205 4603 ’

122 4829 154 4890 h.
171 4826 227 4891 iol.
243 4822 448 4899 hin—had
462 4820 594 4885 ioannis
607 4818 755 4883 Saraceni
773 4817 854 4879 iiber
865 4816 906 4879 de
922 4815 1042 4880 divinis
1058 4817 1257 4880 nominibus.
1275 4819 1391 4900 incipit
1409 4822 1532 4885 atitnlo
1548 4825 1705 4893 miniato:

81 4946 293 5027 Incipitliher
304 4945 426 5025 primus
441 4943 477 5004 de
494 4941 610 5004 divinis
632 4938 952 5018 nominihus.Cap.1.
984 4938 1142 5019 Proloyus
1171 4939 1304 5002 loannis
1322 4941 1471 5005 Saraceni
1493 4943 1534 5006 ad
1561 4945 1708 5024 Odonem,

82 5076 186 5137 sancti
199 5071 345 5153 Dionysii
359 5069 557 5134 reverendum
570 5069 720 5143 ablatem,
740 5069 774 5130 in
793 5067 891 5133 libros
908 5068 990 5131 heati
999 5071 1146 5149 Dionysii
1170 5071 1378 5152 Areopayitae
1392 5072 1428 5135 de
1443 5073 1563 5136 divinis
1574 5078 1711 5139 nomini-

85 5204 156 5280 hus,
171 5208 201 5266 et
217 5202 358 5266 orditur:
374 5201 493 5264 Memor
508 5200 642 5279 hospitii
658 5206 685 5261 et
702 5218 783 5260 eneae
805 5201 982 5280 sponsiones
1000 5199 1056 5263 diu
1090 5201 1197 5264 literas
1225 5212 1344 5265 uestrae
1362 5205 1565 5268 sublimitatis
1593 5226 1708 5288 easpee«
1808 5258 1813 5263 .

87 5335 166 5409 rapi,
186 5353 262 5415 quas
278 5331 422 5412 quoniam
452 5329 558 5391 multis
590 5330 626 5390 de
651 5330 754 5394 casteis
774 5347 838 5390 non
864 5333 982 5393 misisse
1009 5334 1153 5411 potestis,
1181 5337 1345 5413 sponsioni
1380 5355 1461 5399 meae
1486 5339 1624 5418 satisfeci
1651 5348 1712 5405 aet.

86 5468 213 5531 Finitur
232 5465 355 5527 sorbis:
376 5468 402 5522 et
416 5457 607 5521 tradidimus
622 5470 650 5520 et
668 5459 837 5538 trademus,
855 5463 937 5524 sicut
954 5462 1078 5541 peridem
1102 5472 1130 5524 et
1153 5484 1210 5527 nos
1232 5485 1339 5529 sumus
1355 5468 1541 5549 sufficientes
1556 5469 1669 5550 dicere,
1686 5481 1713 5536 rt

87 5593 201 5674 quihus
218 5591 339 5654 dicitur
355 5592 463 5653 crudire
478 5589 609 5663 etnihil,
629 5592 799 5654 traditioni
823 5593 974 5654 iniuriam
995 5596 1152 5675 facientes,
1167 5597 1231 5657 nisi
1252 5599 1386 5679 forsitan
1414 5598 1456 5658 nd
1478 5600 1714 5683 intelliyentiam

87 5730 143 5784 aut
159 5723 387 5804 expositionem
403 5723 543 5801 ipsarum
563 5720 771 5796 infirmemur:
789 5728 841 5787 sal
861 5730 916 5789 lucr.
929 5730 1060 5808 quidem,
1080 5729 1216 5807 qualiter
1234 5728 1293 5788 Deo
1311 5731 1370 5790 erit
1394 5732 1537 5807 amiciam,
1556 5735 1601 5797 ita
1616 5744 1643 5797 et
1660 5735 1703 5803 lea
