3984 6534
947 100 967 251 ,l

891 394 1032 454 rotulus
1051 398 1151 456 scort

672 646 1073 764 acaunus
1104 608 1365 769 sceau

940 881 1094 962 LIBER

370 1090 437 1218 m
477 1083 699 1218 lunum
739 1089 805 1219 u
844 1088 1103 1219 nurum
1143 1090 1341 1223 lurum
1380 1090 1455 1221 u
1502 1011 1679 1228 num.

843 1413 1182 1490 FRAGMENTUM.

190 1703 248 1754 sot.
271 1701 368 1753 collect.
389 1696 524 1750 membran.
542 1697 570 1748 a·
590 1697 645 1762 596,
656 1697 683 1750 l·
694 1697 1139 1825 blbltotbecqqassggffitfflalioffaaq)
1148 1699 1190 1826 fg:
1206 1700 1233 1753 9.
1248 1723 1280 1737 -
1293 1697 1405 1754 diod.
1419 1699 1520 1754 Greitb
1536 1700 1820 1768 sptouegi-ra-
1846 1770 1848 1807 i

943 1943 1074 1964 ῃ

224 2104 232 2118 ,
272 2102 279 2116 ,
319 2101 326 2116 .
364 2099 372 2116 .
412 2099 419 2114 .
458 2099 466 2114 .
505 2098 512 2114 .
551 2097 559 2114 .
693 2097 701 2114 .
740 2071 747 2113 ;
796 2093 804 2110 .
854 2093 862 2107 .
911 2092 919 2109 .
970 2053 1818 2133 .Auoiatruueeuutiaudbuoeodenqiue.Adipsamlqffi

187 2152 330 2211 Possident
355 2149 439 2206 liuere
459 2158 486 2206 et
514 2165 568 2206 non
593 2156 678 2206 stare.
711 2147 803 2204 Ludus
824 2143 923 2201 merito
938 2145 980 2200 di·
1032 2147 1141 2217 proprie
1153 2146 1307 2202 divinarum
1319 2159 1413 2201 rerum
1433 2151 1653 2220 πρωτοτύπων,
1671 2152 1699 2206 td
1717 2148 1818 2220 em}

186 2255 260 2302 ctum
289 2252 331 2300 est
349 2243 396 2298 liei
416 2259 432 2297 a
453 2243 593 2314 uragistro,
618 2239 700 2296 veluti
722 2253 770 2310 per
793 2238 861 2293 baec
890 2245 982 2292 trans·
1030 2238 1159 2309 cipalium
1184 2236 1370 2308 exemplomm
1392 2238 1558 2295 veritatem
1580 2240 1817 2311 praesentiorem·

186 2336 308 2394 ducentis
321 2349 371 2390 nos
394 2334 421 2389 in
437 2349 480 2399 ea,
500 2347 571 2402 quae
585 2345 650 2386 vere
664 2336 737 2394 suut,
754 2335 782 2382 et
804 2325 878 2383 nullo
901 2325 980 2381 modo
1029 2330 1177 2398 biliumque
1193 2343 1284 2385 rerunt
1300 2336 1465 2396 comparata
1493 2329 1679 2401 dispositio,
1700 2344 1817 2403 uque*

185 2436 338 2482 mouentur.
1029 2420 1094 2476 nino
1127 2434 1187 2475 esse
1219 2417 1410 2473 aestimabitur
1443 2419 1520 2486 bis,
1549 2421 1603 2491 qui
1627 2422 1702 2478 riam
1724 2436 1815 2492 caque

397 2509 457 2565 Alio
476 2510 504 2564 in
522 2510 637 2579 idipmm
654 2508 756 2564 tbeorie
1027 2521 1159 2582 quantum
1174 2509 1302 2582 possibile
1320 2517 1384 2576 est,
1409 2509 1445 2566 ad
1463 2511 1592 2570 divinae
1609 2512 1815 2586 speciositatisla

1027 2618 1100 2660 mam
1120 2602 1193 2673 digni
1206 2600 1271 2657 lacti
1290 2608 1364 2667 sunt,
1376 2600 1453 2656 sicut
1480 2618 1586 2676 neque
1611 2605 1750 2662 ludibrium
1762 2617 1815 2658 rea

1026 2694 1144 2767 cuipiam
1158 2702 1186 2749 et
1197 2693 1325 2749 existenti
1345 2692 1386 2748 rei
1405 2705 1623 2765 comparatum
1641 2712 1702 2755 esse
1713 2697 1814 2754 mirere

1025 2786 1090 2843 liter
1104 2785 1254 2856 judicatur.

220 2643 250 2700 Si
272 2657 337 2698 vero
360 2649 388 2697 et
412 2640 535 2710 nosipsi
564 2640 712 2697 secundum
738 2638 923 2695 dominantem
949 2638 977 2693 in

182 2736 322 2810 praesenti
343 2741 452 2790 nostrae
466 2741 580 2789 naturae
601 2730 820 2802 consequentiam
842 2739 899 2784 tum
919 2728 977 2799 qui·

183 2828 243 2883 dem
254 2824 332 2894 juxta
347 2822 552 2880 similitudinem
565 2830 719 2878 ceterorum
733 2820 761 2876 in
778 2829 849 2876 terra
871 2819 977 2874 anima·

181 2917 247 2974 lium
262 2916 330 2983 uati,
343 2915 441 2972 deinde
451 2912 529 2983 pueri
540 2913 616 2979 lacti,
632 2912 730 2968 deinde
746 2909 820 2967 doris
837 2909 953 2965 oximori
966 2909 974 2940 ¹
1237 2935 1298 2992 ma
1311 2935 1339 2991 fn
1349 2935 1472 3008 mmm
1488 2939 1622 2998 mm

181 3008 269 3063 instar
287 3005 430 3075 juventute
447 3005 628 3061 inhonorem
651 3002 794 3059 uetustatis
807 3000 976 3056 aduenientis

182 3098 294 3161 mortui,
320 3105 346 3152 et
361 3097 395 3151 ad
418 3096 501 3152 eliam
524 3095 609 3151 vitam
631 3092 773 3158 translati,
801 3091 880 3146 lindos
909 3090 975 3145 dicti
1061 3092 1196 3149 Fortassis
1209 3100 1301 3147 autern
1314 3098 1343 3146 et
1362 3093 1594 3152 transmutabile
1609 3093 1811 3167 mamati·

180 3200 275 3242 sumus
294 3186 342 3240 bei
359 3186 393 3239 ab
414 3187 467 3241 isto
489 3186 592 3242 deilero
614 3187 754 3258 magistro.
778 3182 873 3253 Neque
895 3192 975 3237 entra
1024 3180 1416 3253 rum,quascornmendamus,
1429 3180 1460 3236 iu
1476 3182 1808 3243 aliamalueruauts*

180 3277 411 3347 consequentiam.
429 3276 470 3330 ud
482 3276 601 3331 loturam
617 3278 750 3346 siquidem
761 3275 869 3331 divinae
881 3288 974 3330 uerae-
1024 3276 1093 3332 tium
1107 3284 1135 3330 et
1146 3272 1338 3329 translatarum
1351 3271 1565 3344 privationem,
1579 3293 1618 3336 ac
1629 3279 1729 3337 subm
1738 3268 1807 3335 bf*

180 3384 233 3440 qun
245 3369 316 3423 ritae
328 3367 503 3437 principalem
519 3366 634 3421 lorrnam
647 3382 778 3437 praesens
790 3370 845 3421 vito
864 3369 973 3436 c'ompa·
1026 3353 1105 3421 tium'
1116 3364 1321 3419 fundamentum
1335 3369 1448 3433 practer
1475 3365 1613 3436 primam
1638 3371 1807 3438 rationum

180 3466 241 3512 rata
252 3457 330 3510 ludus
346 3464 399 3520 est,
412 3465 439 3510 et
455 3471 546 3521 omne,
564 3456 587 3510 si
604 3456 669 3525 quid
683 3456 753 3511 aliud
769 3456 802 3512 de
816 3458 867 3511 boc
881 3454 971 3511 effica-
1025 3470 1106 3526 quam
1121 3454 1255 3520 leruutur,
1279 3453 1420 3524 sapienter
1442 3458 1632 3530 provideque
1645 3471 1674 3518 et
1690 3462 1805 3522 [σω

173 3549 238 3609 ,cius
259 3548 435 3603 constitutum
459 3556 510 3601 est.
536 3546 595 3615 lpse
615 3546 748 3615 siquidem
768 3547 795 3600 iu
813 3546 971 3614 epitaplrio¹
1025 3547 1088 3600 dnm
1104 3545 1282 3600 aestimantur
1296 3559 1312 3598 a
1325 3543 1404 3599 nobis
1432 3549 1545 3615 teneri,
1566 3551 1726 3625 perfugiunt
1739 3547 1804 3617 nap's

179 3641 207 3697 in
227 3639 383 3696 Caesarium
409 3639 450 3694 sui
469 3638 480 3670 ⁸
496 3637 609 3692 fratrem
632 3637 751 3707 apertius
774 3637 911 3700 ostendit,
932 3636 972 3692 sic
1023 3651 1105 3706 qoam
1119 3645 1256 3702 tenentur,
1270 3644 1297 3691 et
1310 3636 1479 3692 desiderium
1499 3652 1638 3699 nostrum
1655 3645 1683 3699 in
1695 3641 1802 3714 sepelit

179 3733 272 3791 dicens
289 3748 296 3785 ι
313 3730 384 3786 lotia
400 3732 452 3786 nito
467 3741 567 3795 nostra,
582 3730 688 3800 fratrer,
702 3729 840 3784 uiuentium
856 3728 891 3782 od
908 3739 973 3782 tem·
1024 3733 1068 3780 tur
1083 3727 1184 3793 teneri;
1206 3727 1293 3799 magis
1305 3742 1370 3783 uero
1384 3742 1435 3784 nos
1455 3730 1543 3800 ipsos
1555 3744 1659 3806 utpote
1678 3736 1802 3808 repdstttl

178 3841 236 3896 put,
252 3822 337 3894 qualia
350 3824 376 3877 in
388 3832 458 3877 terro
472 3822 560 3876 ludus.
574 3821 636 3876 Non
653 3821 790 3875 existentes
801 3820 935 3890 efficimur,
948 3828 972 3874 et
1023 3826 1117 3875 tenere
1129 3828 1157 3874 et
1169 3820 1255 3876 teneri
1269 3834 1321 3875 uou
1335 3819 1504 3877 valentium.
1530 3825 1720 3886 Poudcralaut
1735 3824 1802 3898 W

178 3914 243 3986 {acti
263 3914 426 3981 resolvimur,
446 3915 577 3970 aonruiunt
596 3929 687 3969 curreres
710 3912 848 3979 instabile,
870 3910 971 3966 uolutus
1025 3923 1090 3966 suae
1103 3918 1217 3966 naturae
1231 3909 1444 3966 definitionem·
1445 3946 1510 3968 .....

823 4084 949 4141 vaurme
968 4046 1169 4143 uncuoucs.

213 4220 334 4288 ¹Corr.,
360 4223 421 4280 cod.
459 4224 567 4280 ocimori
601 4238 626 4278 c.
652 4222 740 4347 qlossa
757 4223 794 4275 li.
821 4220 957 4288 onriqdali.
992 4220 1192 4292 dmiqdotarum
1220 4235 1286 4276 vero
1314 4221 1341 4276 in
1364 4219 1556 4280 vocabulario
1583 4239 1681 4285 vetera
1701 4222 1798 4283 ue*

176 4295 368 4379 interpretatio
381 4304 422 4353 est
441 4294 614 4350 mandabant.
633 4290 769 4350 C.Gr·ed
781 4291 851 4347 biut.
871 4290 892 4345 ll
911 4305 939 4360 p.
955 4289 1001 4347 ld.
1040 4294 1050 4326 ¹
1068 4290 1134 4349 (lod.
1150 4291 1311 4361 epditoptio.
1349 4289 1360 4325 ⁸
1379 4289 1437 4348 Sic.
1452 4295 1524 4352 cod.
1534 4311 1544 4365 3
1562 4296 1586 4354 i.
1598 4299 1701 4355 ml
1729 4292 1796 4353 *u

176 4366 366 4437 reomensem.

494 4666 508 4675 ,,
539 4515 574 4677 ζ1
647 4529 1044 4653 aoaums
1093 4529 1354 4651 sceau

489 4714 513 4772 ⁵
864 4748 1126 4883 vuasto

267 5012 591 5146 uuuuult
618 5021 704 5224 Ab.
737 5005 1088 5135 uluuusll
1135 5000 1724 5144 nuuuPdGIT-du.

176 5296 260 5352 roten
276 5293 429 5349 olonnensis
444 5303 458 5338 a
475 5289 543 5342 reto.
577 5256 625 5338 .”.
660 5261 701 5349 ,’·
702 5315 1716 5342 ..........................

178 5358 296 5411 Editionis
311 5355 421 5415 eiusdem
440 5354 524 5402 seriae
547 5347 669 5402 lectiones
671 5372 1712 5404 ..........................
1775 5348 1782 5367 .

175 5420 233 5474 (bd
252 5433 296 5470 ms.
313 5417 407 5467 ilausb.
426 5416 451 5466 S.
471 5415 616 5463 Emmeranr.
637 5408 752 5462 relatur.
778 5422 831 5472 reg.
848 5407 1009 5467 Hooaoeesls,
1025 5408 1171 5466 membran,
1188 5416 1239 5455 sec.
1257 5400 1298 5453 tt.
1331 5435 1340 5453 .
1374 5436 1382 5452 .
1415 5438 1422 5454 .
1459 5443 1467 5460 .
1502 5446 1508 5458 ‚
1543 5450 1552 5464 ,
1588 5448 1597 5462 ,
1627 5448 1637 5465 ‚
1666 5448 1676 5466 ,
1704 5451 1712 5466 ,

176 5480 234 5536 eod,
251 5495 296 5530 mc,
313 5481 356 5531 9¹11
378 5477 436 5527 lrlbl.
455 5477 591 5529 Caesaream
608 5471 922 5533 vindobon.,nernbran.,
938 5480 992 5518 aec·
1009 5466 1050 5517 XI·
1085 5501 1092 5518 ·
1126 5504 1132 5517 .
1166 5504 1172 5517 ·
1212 5499 1221 5516 ·
1254 5499 1260 5513 ·
1295 5503 1302 5515 ·
1337 5502 1343 5514 ·
1379 5503 1385 5514 ·
1417 5504 1424 5516 .
1461 5507 1468 5521 .
1506 5509 1513 5522 .
1549 5508 1558 5523 .
1593 5510 1601 5524 .
1672 5509 1680 5526 .
1708 5513 1714 5525 .

178 5586 1080 5659 Commebibi.Darmstad.,olimColou.5b,mernbrau.,aec.Xll.
1121 5627 1127 5640 .
1168 5628 1174 5641 .
1209 5626 1215 5640 .
1250 5625 1256 5639 .
1292 5623 1299 5640 .
1331 5623 1338 5639 .
1373 5628 1378 5640 .
1414 5628 1421 5641 .
1456 5628 1463 5640 .
1499 5631 1507 5644 ,
1545 5633 1552 5646 ,
1589 5632 1597 5648 ,
1669 5635 1676 5648 ,
1706 5635 1711 5648 ,

179 5661 237 5713 (bd.
253 5676 298 5712 rus.
315 5664 391 5712 Varie.
411 5664 465 5723 tri,
482 5663 628 5720 membran„
645 5670 696 5706 sec.
714 5655 766 5705 xlv
772 5683 1712 5711 .....................

179 5721 236 5773 dod.
254 5736 298 5771 ms.
315 5723 393 5772 Valle.
412 5723 465 5783 uu,
482 5724 628 5781 mambrem,
645 5731 697 5769 sec.
716 5717 768 5769 xlv
771 5746 1710 5774 ........................
1763 5713 1771 5728 “

1761 5287 1777 5336 l

1760 5349 1776 5398 l

1762 5409 1774 5460 Ι

177 5541 234 5592 eoo.
252 5556 298 5592 ms.
314 5539 361 5590 rel
378 5538 438 5589 luel.
457 5539 593 5589 caesareae
610 5534 755 5594 vindobon,
773 5532 920 5592 membran,
937 5542 988 5579 sec.
1006 5526 1090 5580 xll..
1125 5567 1131 5579 .
1166 5566 1173 5580 .
1208 5562 1215 5577 .
1248 5564 1256 5579 .
1291 5563 1297 5577 .
1332 5565 1339 5580 .
1372 5565 1377 5576 .
1413 5565 1420 5580 .
1456 5565 1463 5580 .
1500 5566 1509 5582 .
1546 5571 1556 5597 ‚
1591 5572 1599 5586 ,
1631 5511 1641 5588 J
1671 5574 1678 5587 ,
1707 5575 1714 5588 ,
1759 5467 1775 5580 ιξ

1759 5589 1774 5703 l

180 5781 240 5836 md.
256 5795 300 5833 tus.
318 5783 358 5842 lat
376 5782 540 5843 Furueotold.
556 5787 572 5836 e
588 5780 647 5838 bibl.
673 5779 736 5844 llos.
764 5779 924 5840 llomcenels.
941 5785 994 5831 aee.
1010 5775 1052 5830 llll
1054 5807 1707 5837 .................
1754 5720 1772 5824 ἶ
