3984 6534
195 318 262 387 ,aar
899 301 1043 363 tonuurs
1062 301 1162 361 scon
1789 299 1834 356 ns

200 412 369 505 'pameneae
385 413 546 495 sursumque
563 421 590 476 in
604 414 999 490 praedictamcapitispartem
1014 414 1036 477 Α
1051 414 1097 484 qni
1123 413 1239 484 primum
1263 425 1395 468 occurram
1438 404 1611 481 phantasiis,
1643 420 1749 479 easque
1775 398 1837 465 recl?

211 534 389 591 consurgens,
411 532 459 589 per
482 528 546 571 suos
565 509 686 567 occultos
709 517 815 562 meatus
839 508 867 563 in
894 508 999 561 arrrium
1052 507 1144 575 piuut;
1163 513 1224 575 pust
1244 505 1294 560 bos
1309 517 1503 573 progressores,
1525 499 1614 556 veluti
1639 500 1838 570 mnus.

210 611 317 669 cocleas
338 608 461 673 diliusus,
481 605 553 660 toras
567 601 695 673 erumpit,
712 600 860 670 vicinisque
877 601 999 671 partibus
1053 598 1086 650 ad
1100 598 1193 651 urbem
1208 596 1368 660 memoriae;
1383 596 1509 664 adquam
1526 594 1595 648 dum
1611 592 1839 671 phantasiam

210 680 282 757 aeris
296 715 344 755 seu
358 697 463 771 longius
482 694 577 766 positis
591 707 620 747 se
636 693 763 755 miscens,
778 692 905 762 quicquid
920 694 946 747 in
967 707 999 748 eo
1052 687 1194 753 venerint,
1219 702 1233 740 a
1259 685 1469 741 recordabilibus
1489 684 1733 750 hilsodunum
1755 684 1840 745 deish

211 791 343 855 sonuerit,
357 789 458 857 absque
472 784 524 839 ulla
535 784 660 839 tarditate
673 783 795 852 recipere
807 781 927 837 testinat.
944 784 998 839 llas
1051 781 1226 836 rationabiles
1258 795 1307 849 per
1343 780 1437 833 urbem
1468 776 1665 841 distribuunt,
1699 783 1781 849 prout
1804 777 1841 835 h-

209 882 402 952 itaquepartes
414 875 534 945 corporis
545 873 747 937 subtilissimas,
761 874 999 944 spiritualibusque
1051 874 1215 929 tellectuales
1236 872 1375 941 jusserint.
1389 871 1488 924 Turma
1512 868 1658 938 siquidem
1680 868 1840 938 phantasia

208 967 436 1032 nattrrisvicinas,
446 965 612 1036 quamvises
625 964 797 1019 interioribus
808 966 910 1035 spissae
921 966 998 1021 molis
1050 971 1161 1025 ueniens
1173 984 1221 1039 per
1232 970 1320 1023 risurn
1341 965 1493 1037 specialiter
1514 964 1543 1018 in
1564 963 1712 1019 mensoria
1734 961 1841 1033 Μ

208 1060 339 1132 originem
364 1056 512 1120 attrahant,
531 1052 604 1107 lorus
628 1053 759 1108 tamenin
783 1063 887 1107 tanturm
912 1054 998 1122 porri·
1051 1059 1147 1114 loctrm.
1165 1057 1294 1115 Similiter.
1311 1070 1360 1127 per
1373 1056 1493 1111 auditum
1508 1054 1838 1129 ceterouuesensssis·

209 1157 319 1220 guntur,
334 1153 365 1201 ut
385 1145 465 1213 longe
486 1154 563 1200 extra
585 1156 645 1198 eam
668 1143 844 1199 aestimentur
865 1144 996 1214 separatri-
1050 1159 1163 1214 ararites,
1175 1150 1231 1203 suis
1248 1148 1356 1203 sutilius
1374 1147 1401 1200 iu
1413 1146 1508 1212 cariem
1523 1144 1598 1200 urbe
1614 1143 1839 1214 manum-ts

209 1235 545 1311 Extenditureuim‘risus
564 1233 598 1288 ad
618 1233 997 1306 recipiendusvisibitiumre·
1049 1241 1146 1311 quibus
1166 1240 1292 1293 numitius
1314 1237 1436 1308 quisquis
1460 1235 1573 1306 plenius
1601 1234 1682 1291 scire
1701 1234 1839 1302 hietat

208 1344 270 1384 rum
297 1324 459 1384 colorabiles
484 1324 589 1395 macies
615 1342 623 1378 ε
651 1326 804 1383 extenditur
832 1326 938 1382 auditus
963 1327 997 1381 ad
1049 1329 1120 1400 legat
1135 1324 1488 1399 magnnrnllugustinunrin
1503 1333 1585 1379 sesto
1601 1322 1841 1394 deliget·-

191 1433 305 1473 ·rocum
333 1430 379 1472 seu
408 1414 521 1471 allorum
553 1414 709 1483 sonituum,
732 1416 904 1487 percussione
926 1417 996 1473 neris
1049 1418 1121 1474 tibris
1135 1414 1350 1486 confessionum
1377 1429 1564 1487 stagnumque
1595 1413 1751 1486 θηρή-
1769 1414 1842 1488 itys,

208 1508 423 1580 erumpentium,
446 1507 601 1579 prosodias,
626 1521 694 1578 quas
713 1507 814 1564 turmas
838 1507 996 1578 coloresque
1049 1526 1140 1566 sacrm
1156 1512 1182 1564 in
1196 1525 1314 1564 sermone
1330 1523 1363 1562 ue
1382 1508 1506 1577 irnaqine.
1526 1505 1609 1573 Quid
1624 1507 1838 1578 ems-imi

208 1615 306 1671 uocum
318 1598 433 1655 dicimus
453 1598 732 1671 inseimaginandas.
753 1598 841 1656 Ceteri
855 1600 926 1656 euim
942 1609 996 1655 trm
1048 1606 1137 1660 anima
1161 1603 1384 1671 rationalis,post
1401 1600 1567 1655 solutionem
1595 1600 1723 1671 emporis
1741 1600 1791 1663 sd,
1810 1601 1840 1655 tn

208 1704 304 1745 sensus
323 1689 393 1745 intra
407 1688 536 1746 tennincs
560 1690 682 1761 corporis
701 1690 834 1746 coritinori
859 1691 995 1757 videntur,
1048 1694 1444 1771 pnrrtntnsejtrsperetementa
1465 1690 1577 1748 diffusis
1594 1690 1704 1763 aliqubl
1726 1700 1842 1764 sgstsn·

208 1777 331 1847 quamsis
343 1777 484 1835 olfaciendi
497 1793 592 1835 sensus
604 1778 670 1835 loris
684 1780 808 1850 protendi
835 1797 888 1835 non
901 1782 994 1836 incon·
1011 1757 1118 1846 Raptis
1144 1786 1259 1843 pannuli
1285 1784 1539 1848 administratione,
1564 1785 1708 1854 omnique
1725 1798 1840 1855 corpses

208 1885 286 1940 grue,
301 1878 331 1925 ut
344 1870 473 1936 arbitror,
494 1870 674 1926 existimetur.
694 1871 751 1927 lloc
764 1881 854 1926 autem
870 1880 955 1926 tntum
969 1872 995 1927 in
1047 1894 1127 1937 sensu
1146 1885 1260 1941 remota,
1285 1874 1505 1947 qnandoquidem
1519 1881 1552 1929 el
1572 1874 1606 1929 in
1633 1875 1745 1931 rirertts
1767 1874 1839 1931 sliat

208 1961 296 2032 seipsa
309 1962 434 2033 simplex,
448 1963 576 2032 omnique
589 1962 720 2032 corporali
733 1964 895 2034 quantitate,
909 1963 997 2019 locali·
1047 1971 1316 2044 corporearumque
1342 1969 1467 2032 collecto,
1495 1975 1644 2037 quantum
1668 1967 1791 2025 sensibus
1809 1965 1839 2021 ri·

206 2054 310 2126 busque
320 2056 414 2126 spatiis
428 2057 516 2111 anima
529 2071 638 2122 carens,
653 2057 680 2111 in
694 2070 819 2126 corpore,
830 2057 903 2126 qunti
915 2057 994 2126 regit,
1046 2066 1111 2121 dere
1122 2065 1144 2130 1,
1164 2079 1216 2119 μοι,
1246 2062 1332 2118 sotum
1350 2061 1376 2117 in
1395 2058 1505 2115 crumulo
1529 2058 1743 2125 membrorum,
1762 2072 1836 2115 reru

184 2150 189 2159 '
207 2164 254 2206 sua
270 2150 424 2220 praesentia
439 2150 552 2222 peragit.
570 2148 604 2205 Et
620 2149 683 2206 ditm
698 2149 755 2221 ipsa
772 2149 845 2204 utttlo
860 2150 920 2204 loeti
932 2164 997 2204 cun·
1046 2156 1128 2211 eiiam
1150 2154 1176 2209 in
1197 2154 1321 2209 sensibus
1333 2150 1412 2221 longo
1428 2151 1462 2204 ab
1476 2149 1540 2220 ipso
1553 2149 1706 2219 porrectis
1719 2149 1835 2222 segun'

206 2241 334 2308 tineatur,
350 2242 449 2298 locales
462 2251 552 2297 umen
566 2251 657 2310 partes
678 2242 720 2296 sui
736 2241 867 2310 corporis.
882 2240 995 2294 ubicun-
1046 2247 1087 2302 sni
1102 2247 1228 2300 uirtutem
1244 2251 1362 2299 exercet.

206 2345 260 2401 que
270 2333 336 2398 sint,
352 2333 472 2386 viviticat
484 2338 564 2398 atque
577 2331 718 2399 gubernat.
735 2329 792 2382 Non
805 2330 877 2383 enirn
889 2328 996 2383 rumrrlo
1081 2338 1126 2392 3¹1,
1147 2337 1202 2393 Sed
1216 2338 1359 2407 fflsamrrs
1372 2334 1406 2388 ad
1419 2347 1662 2405 generarrasrrnae
1673 2335 1750 2391 ritas
1763 2333 1832 2403 stus.-

207 2421 356 2478 carnalium
381 2420 563 2474 membrorum
597 2418 718 2473 localiter
742 2418 918 2482 concluditur,
946 2432 997 2472 nec
1046 2410 1316 2496 qep2110n0m‚0'n]iii
1334 2424 1556 2481 manifestandae
1577 2428 1736 2497 pommus
1751 2426 1832 2481 isse·

207 2526 269 2566 curu
296 2510 419 2567 sensibus
447 2508 519 2564 loras
540 2509 671 2579 porrectis
693 2508 812 2563 localiter
837 2509 994 2579 porrigitur.
1046 2518 1157 2589 poribus
1182 2519 1270 2589 gratia
1286 2519 1353 2573 lraec
1371 2517 1528 2571 introducta
1550 2526 1627 2573 sunt
1648 2519 1685 2575 de
1704 2514 1829 2575 rab'outbi

207 2600 290 2658 hdest
304 2611 393 2657 autem
409 2599 589 2671 potentialiter
599 2598 633 2653 ad
648 2598 815 2668 recipiendas
825 2598 994 2668 phantasias,
1045 2610 1114 2671 viga,
1129 2624 1182 2664 „011
1196 2619 1285 2663 aurem
1300 2608 1333 2662 aa
1348 2620 1421 2660 omn,
1446 2606 1517 2669 visa,
1545 2623 1737 2681 quacumqu
1753 2618 1827 2677 φημι

207 2706 277 2762 quae
300 2690 327 2745 in
341 2704 468 2747 sensuum
489 2703 599 2744 suorum
620 2687 816 2749 instrumentis,
843 2685 996 2756 ubicunque
1046 2696 1231 2751 administrat.
1258 2695 1314 2750 linc
1339 2702 1427 2749 atatem
1444 2694 1508 2748 dion
1535 2706 1661 2767 propser
1684 2695 1826 2755 irrsrismti

206 2778 272 2846 siut,
284 2779 446 2835 lormantur.
456 2777 514 2846 Qun
527 2785 685 2850 argumento
697 2778 826 2832 naturalis
837 2779 944 2833 uirtutis
956 2777 996 2848 ip-
1046 2784 1111 2837 lium
1126 2784 1283 2838 animalium
1303 2784 1417 2843 animas,
1431 2783 1465 2838 de
1484 2783 1595 2855 quibus
1613 2786 1758 2845 rnnltnnns
1770 2786 1825 2841 raris

206 2871 273 2938 sius,
286 2880 314 2928 et
343 2871 507 2928 illocalitatis
529 2871 541 2905 ¹·
559 2870 715 2943 magnitudo
735 2872 916 2941 cognoscitur.
936 2869 996 2927 llno
1046 2875 1179 2929 serrumia
1193 2883 1244 2930 est.
1260 2875 1312 2929 litii
1329 2889 1444 2955 nmisque
1456 2874 1567 2940 dicunt,
1584 2891 1640 2933 eas
1657 2874 1824 2948 Μηνὶ

206 2962 340 3033 siquidem
353 2963 503 3032 eodemque
520 2960 649 3031 temporis
668 2967 858 3027 annuerimus
875 2961 996 3016 siderum
1047 2963 1186 3018 interitum
1197 2964 1298 3027 rivere,
1312 2963 1356 3018 atii
1370 2950 1445 3025 icio,
1457 2976 1522 3019 curs
1545 2966 1717 3034 corporibus
1726 2950 1822 3031 metire.

205 3052 234 3109 in
248 3055 331 3110 radiis
343 3053 482 3111 oculorum
500 3068 551 3124 per
564 3053 675 3109 aethera
687 3053 798 3123 sparsis,
811 3061 840 3107 et
855 3066 951 3108 vocum
967 3052 994 3107 in
1048 3071 1098 3112 nec
1109 3056 1208 3110 diritius
1223 3071 1342 3110 munnere.
1364 3054 1402 3110 lle
1415 3068 1469 3125 qua
1482 3058 1658 3126 quaestione
1669 3074 1750 3130 uses
1761 3056 1822 3129 pasti

205 3147 298 3202 auditu
321 3162 371 3218 per
392 3165 453 3204 aera
476 3148 583 3215 diliusu,
607 3158 635 3206 et
658 3151 770 3205 odorum
786 3150 813 3204 in
829 3148 928 3204 ollactu
946 3165 993 3206 seu
1046 3146 1251 3217 postdicernus.
1266 3145 1477 3201 Generalissiute
1492 3145 1582 3215 igitur
1596 3150 1672 3211 ritae
1687 3150 1769 3221 prins
1780 3162 1821 3203 us

206 3236 277 3293 intra
292 3252 390 3308 corpus
400 3254 448 3295 seu
461 3250 548 3305 estre,
558 3250 586 3296 et
600 3256 724 3312 saporum
739 3243 766 3297 ln
780 3248 870 3313 gnam
882 3242 909 3296 in
920 3249 995 3296 tuctu
1046 3236 1173 3304 xinraque
1187 3237 1285 3291 divisio
1298 3246 1340 3291 est
1355 3236 1381 3291 in
1395 3249 1455 3291 mm
1466 3234 1667 3303 differentis..
1676 3252 1744 3309 qnae
1755 3238 1820 3293 ratio

207 3341 317 3398 quoqne
329 3327 462 3394 otnulum,
480 3343 552 3398 quae
565 3333 646 3385 tactui
668 3333 801 3394 accidunt,
826 3331 994 3401 phantasias,
1046 3325 1163 3381 nubilem
1179 3327 1212 3381 ab
1229 3325 1409 3383 irrationabili
1430 3337 1573 3399 segregat.
1586 3326 1819 3399 Etntiouallsqui
1861 3318 1864 3349 i

207 3418 259 3474 boc
271 3419 468 3489 estirnagines,
484 3421 601 3489 primurn
618 3421 726 3490 quidem
749 3423 830 3477 nullis
844 3433 994 3494 temporum
1046 3418 1107 3479 dem
1128 3416 1184 3471 1111
1204 3416 1307 3487 angelis
1323 3416 1537 3487 luminibusque
1560 3404 1703 3477 distributa
1721 3415 1817 3495 &litii
1858 3410 1864 3445 ⁰

208 3506 323 3564 morulis
337 3508 454 3564 mirabili
469 3509 609 3565 celeritate
624 3526 657 3566 ex
680 3511 863 3581 corporalibus
875 3515 996 3568 numeris
1047 3507 1075 3562 in
1089 3506 1202 3575 angelis,
1217 3506 1301 3563 ueluti
1317 3507 1443 3576 specialis
1458 3506 1675 3585 signillcsticrtis
1686 3502 1774 3573 'etth
1788 3508 1816 3563 11
1857 3500 1864 3589 ‘f

207 3597 234 3654 ln
248 3597 420 3655 sensualibus
438 3597 567 3656 formatas
581 3602 672 3666 sentit,
687 3615 735 3672 per
751 3615 909 3658 occursores
927 3604 996 3658 rcci-
1042 3598 1206 3667 ,tellectualis
1232 3597 1340 3661 dicitur,
1362 3601 1388 3653 in
1409 3588 1570 3667 horninibus
1597 3615 1669 3657 reso
1697 3596 1813 3672 numia
1857 3602 1864 3633 ·¹

174 3680 182 3723 ·'
206 3687 255 3760 pit,
271 3702 321 3759 per
332 3703 520 3760 progressores
548 3688 694 3746 introducit
709 3691 731 3756 ¹,
746 3704 795 3760 per
814 3691 996 3749 recordabiles
1049 3686 1230 3745 Veruntamen
1251 3688 1374 3744 consulta
1393 3688 1521 3755 vertute,
1538 3698 1570 3761 et
1587 3690 1618 3747 in
1637 3691 1746 3767 augelis,
1761 3687 1813 3747 stit
1857 3674 1864 3724 i

207 3779 356 3836 memoriae
373 3781 553 3845 comunendat,
571 3795 621 3852 per
633 3780 806 3838 rationabiles
818 3782 934 3839 ordinat.
948 3798 996 3852 per
1047 3778 1202 3834 hominibus
1226 3778 1416 3845 intellectualis
1433 3788 1462 3835 et
1489 3780 1641 3855 ratiopalis
1659 3776 1813 3849 estgidsts!
1857 3780 1864 3831 i

175 3899 178 3905 ·
207 3868 402 3926 intellectuales
420 3870 550 3941 approbat
566 3879 614 3926 aut
629 3871 771 3943 improbat,
787 3872 934 3928 secundum
954 3889 997 3929 re·
1047 3877 1228 3924 cominuntter
1242 3869 1275 3925 de
1297 3870 1331 3925 iis
1350 3869 1526 3943 praedicatur
1540 3872 1600 3929 rita
1621 3871 1812 3947 intellectuales
1857 3872 1864 3909 '-

207 3960 286 4031 gulas
308 3961 460 4015 divinorum
475 3977 660 4028 nrrnrercrum,
677 3962 723 4034 qui
745 3977 826 4034 supra
841 3977 899 4019 eant
922 3973 995 4019 srtnt.
1048 3955 1197 4011 111101111ὶῦ·
1213 3955 1445 4015 Addideruntiam
1458 3967 1552 4017 11111111
1566 3958 1812 4035 relinquimus!
1857 3964 1864 4004 Ι

208 4046 329 4116 Quorum
340 4051 505 4120 exemplaria
518 4053 694 4123 perspiciens,
707 4062 735 4109 et
747 4055 780 4109 de
795 4056 915 4110 numeris
926 4056 997 4111 intra
1048 4048 1101 4103 11111
1125 4047 1277 4104 intellectus
1293 4046 1445 4121 1111181111,
1462 4049 1489 4103 in
1507 4050 1673 4111 {nominibus
1688 4052 1811 4109 scintis·
1856 4054 1864 4095 i

173 4156 176 4161 ·
208 4140 326 4210 seipsam
349 4141 504 4198 oorrstitutis
522 4141 635 4210 judicat,
659 4143 747 4215 deque
766 4146 953 4214 corporalibus
967 4156 996 4202 et
1046 4139 1155 4194 citetur.
1184 4137 1242 4193 Nou
1262 4140 1334 4195 anim
1354 4139 1515 4196 stia⁸ratio
1536 4140 1611 4199 mihi
1631 4141 1811 4213 omnim
1856 4148 1864 4185 ¹

208 4229 389 4298 semnalibus,
404 4232 451 4302 qui
472 4233 581 4302 utrique
594 4242 671 4289 extra
691 4243 807 4290 serunt.
823 4235 889 4292 Octo
909 4237 995 4307 siqui·
1046 4226 1200 4298 prohibeat,
1212 4227 1360 4297 angelicam
1373 4230 1457 4283 nisam
1470 4230 1597 4287 amintam
1618 4232 1710 4291 vomi
1725 4230 1811 4287 mins
1856 4240 1864 4282 t

172 4362 178 4373 .
207 4318 269 4379 dem
295 4337 469 4380 numerorum
500 4325 610 4381 ordines
635 4326 704 4382 ratio
734 4328 845 4383 invenit.
875 4329 996 4396 Quorum
1047 4318 1118 4386 tem;
1134 4319 1583 4390 q⁰0¹¹¹³d¹¹¹⁰d¹¹¹¹¹⁰⁰¹¹l¹f⁰¹¹ilt01s
1598 4314 1742 4391 hildim
1757 4318 1810 4375 Ιώ
1855 4334 1864 4374 ²

207 4415 351 4487 primuset
363 4429 485 4473 summus
502 4423 544 4472 est
558 4430 640 4486 supra
654 4415 817 4472 intellectum
836 4418 862 4472 in
876 4420 996 4474 aeternis
1010 4453 1036 4513 D
1048 4409 1138 4467 nalem
1157 4409 1332 4475 intellectum,
1346 4426 1455 4482 11111111
1457 4413 1507 4467 11111
1522 4414 1591 4479 tium
1610 4410 1702 4491 attali
1719 4410 1811 4473 ⁰45¹
1854 4411 1864 4466 i

206 4506 308 4573 musis,
324 4508 472 4563 searndum
494 4522 576 4578 quem
597 4507 729 4562 ‹liscernit
751 4509 841 4563 anirrru
856 4509 996 4565 rationalis
1048 4518 1097 4558 sua
1112 4517 1239 4572 corpora,
1256 4503 1395 4573 inquibus
1416 4518 1500 4579 satepe
1524 4495 1675 4577 apparent,
1696 4502 1809 4579 pud&
1854 4519 1862 4557 t

207 4598 310 4663 omnia,
323 4597 393 4653 sicut
406 4598 444 4653 ait
455 4597 599 4669 Apostolus
614 4616 621 4654 ε
636 4596 789 4669 spiritualis
803 4599 881 4653 homo
890 4600 997 4669 judicat
1048 4592 1087 4665 tis
1105 4594 1236 4677 Ι11111101,
1256 4594 1280 4649 ai
1300 4608 1412 4663 corpora
1436 4593 1541 4651 babere
1565 4587 1810 4683 peritissimi
1853 4598 1864 4655 't

129 4686 133 4692 '
173 4718 178 4725 -
209 4684 308 4752 cums,
324 4685 473 4755 ipsenstern
490 4704 508 4741 o
523 4689 624 4742 nemine
643 4687 792 4756 gradientur.
811 4687 869 4741 lluo
890 4702 997 4758 qunque
1048 4684 1150 4749 obstet,
1171 4699 1204 4739 ne
1227 4685 1333 4741 iltnrum
1347 4686 1505 4741 rituamma
1521 4689 1647 4759 dicatur,
1670 4680 1810 4763 usundi
1853 4702 1860 4744 r

209 4774 789 4844 omniuoetestraetiulruarrimamsunt,
806 4777 996 4847 quorumqui·
1049 4772 1115 4837 sola,
1132 4782 1161 4827 ut
1173 4774 1356 4844 praediximus
1366 4774 1387 4840 ⁸,
1398 4777 1598 4837 uocabulorum
1608 4778 1810 4855 ΜΨ
1852 4796 1864 4843 s

210 4866 273 4921 dem
292 4881 364 4922 unus
383 4866 541 4921 etextimus
559 4867 588 4922 in
606 4867 766 4938 corporibus
787 4877 839 4934 est,
854 4866 996 4936 exquibus
1049 4866 1166 4922 modoet
1180 4866 1289 4938 angelos
1303 4868 1337 4923 ad
1357 4868 1501 4937 imaginem
1523 4864 1810 4933 murmurasti
1852 4872 1864 4929 ‘s

209 4955 335 5026 corporei
362 4968 458 5011 sensus
481 4954 643 5020 territantur,
668 4958 815 5027 inquibus
837 4958 997 5028 phantasiae
1049 4962 1149 5012 tamus.
1165 4953 1216 5012 Ubi
1232 4956 1303 5011 enim
1316 4965 1358 5012 est
1373 4960 1483 5014 ratioet
1505 4958 1670 5031 intellectis,
1687 4958 1723 5017 ibl
1738 4950 1810 5027 lusi
1852 4974 1864 5028 p

211 5046 290 5110 llunt,
299 5044 369 5103 alter
378 5046 406 5101 in
417 5045 485 5116 ipsis
495 5046 635 5116 corporeis
645 5046 769 5105 munius
792 5047 922 5103 turrnatur
935 5048 958 5113 ⁸,
969 5057 997 5105 et
1051 5061 1113 5101 nern
1133 5045 1179 5101 liei
1194 5046 1289 5103 decue
1304 5046 1377 5103 ntrlb
1397 5049 1475 5104 arundo
1498 5054 1678 5127 crediderim.
1691 5048 1810 5111 Saluit-
1853 5056 1864 5107 ε’

210 5139 269 5209 ipse
280 5147 324 5194 est
335 5137 540 5209 pharitasiarurn
557 5136 659 5206 primus
672 5136 749 5204 ordo,
765 5137 792 5193 ln
812 5137 998 5195 instrumentis
1051 5154 1112 5194 men
1122 5139 1253 5195 huminem
1263 5139 1297 5193 od
1311 5141 1448 5211 imaginem
1461 5141 1509 5197 liei
1530 5142 1637 5215 [καὶ.
1649 5142 1772 5205 maniittlt
1781 5134 1809 5192 ὗ

210 5244 339 5289 senstmm
352 5228 532 5293 constitutus,
554 5228 579 5282 in
592 5227 677 5284 octrtis
690 5227 750 5282 dico
762 5236 789 5284 et
802 5228 912 5283 auribus
923 5238 998 5285 eete-
1052 5227 1112 5282 viria
1127 5229 1250 5298 perhibet
1262 5230 1412 5300 Scriptura.
1426 5230 1464 5286 lie
1476 5230 1596 5292 Platone
1610 5234 1690 5305 siles,
1702 5228 1809 5291 ostii&
1854 5252 1864 5309 q

211 5324 303 5393 risque
315 5337 445 5379 sensuum
456 5321 575 5377 sedibus.
590 5319 620 5375 ln
632 5322 688 5391 ipsa
703 5335 769 5376 uero
779 5321 869 5376 anima
879 5322 1000 5392 quinque
1050 5326 1151 5374 secum
1166 5319 1236 5375 itlius
1247 5320 1332 5389 sequi,
1344 5321 1390 5391 qui
1404 5320 1508 5386 delinit,
1525 5328 1641 5396 ragdos
1653 5312 1809 5383 ernulfi
1855 5344 1864 5387 t

212 5414 318 5473 numeri
332 5420 525 5484 computantur
538 5412 700 5467 naturaliter
713 5411 788 5468 insiti
805 5430 811 5466 :
827 5424 1013 5479 occursores,
1051 5410 1217 5467 rationabilia
1236 5410 1404 5467 unmcrrstia.
1430 5413 1471 5467 sd
1484 5415 1684 5479 differentiam
1706 5408 1810 5489 erp*
1856 5437 1864 5479 t

855 5522 982 5580 VderlE
1000 5520 1204 5578 taciturus.

249 5617 489 5675 ¹Collocntitutis.
527 5616 705 5673 'Aiaducit
744 5616 798 5671 'in
813 5613 1123 5687 cuibus-plumariae
1138 5612 1268 5682 {armetur
1284 5626 1338 5668 om.
1358 5611 1389 5669 C.
1425 5611 1607 5676 ‘Auidetsn
1657 5593 1813 5677 ‘numa'

215 5685 261 5745 ’Δ
273 5699 301 5744 st
313 5691 500 5754 praedicimus,
516 5686 582 5743 soto.
