3984 6534
98 381 102 389 .
128 347 184 412 eut
824 338 964 396 ioannis
982 337 1079 394 scon
1704 336 1752 396 ctu

130 462 259 528 invicem,
282 467 385 516 remota
410 456 483 513 omui
508 454 709 519 contrarietate,
737 453 918 508 consentiunt.
935 457 957 512 Α
972 449 1050 501 unius
1061 448 1202 508 essentiae,
1222 458 1352 518 quantum
1366 449 1430 504 mitri
1446 448 1619 514 muceditur,
1632 447 1750 520 intelligo

131 553 207 610 Dtsc.
232 550 289 606 llac
303 550 395 604 ultiuta
411 546 582 602 conclusione
605 545 724 614 undique
748 551 851 612 septum
876 555 919 594 me
970 536 1107 606 Siquidem
1119 539 1282 608 impossibile
1296 548 1349 604 est,
1363 549 1392 594 ιιι
1407 530 1436 594 et
1454 540 1571 610 gignens
1584 546 1612 594 et
1621 538 1750 610 genimsct

131 642 224 706 uideo,
242 638 395 708 nullamque
415 637 485 690 tiam
505 634 636 688 evadendi
652 647 801 695 rentanere,
815 646 847 685 ac
872 644 920 698 per
970 630 1121 697 procedens
1134 647 1185 684 uua
1201 631 1349 686 substantia
1363 631 1408 685 sit.
1423 630 1493 687 Tres
1504 638 1601 687 autem
1612 641 1750 687 oesenanr·

132 730 275 802 boepriori
287 744 320 783 ex
333 726 486 795 teprolatae
495 724 647 779 sententiae
660 721 816 777 consentire
827 736 918 790 cogor,
969 717 1166 772 ratisadmouet
1175 719 1396 774 ratiosecuudum
1407 715 1662 784 subsannandum
1668 729 1725 774 suut
1733 720 1750 752 ¹¹

132 829 203 876 utet
224 833 274 890 ego
294 818 392 882 dicam,
414 831 494 870 uuam
517 830 626 870 causatu
649 829 683 868 en
706 814 810 868 duabus
832 811 920 866 causis
970 823 1051 863 unum
1061 809 1207 864 secundum
1218 811 1371 865 esserrtium.
1383 810 1451 865 Nam
1463 812 1638 867 etdbrabtm
1650 821 1677 866 et
1690 811 1751 868 truc

129 910 217 966 fluere
228 924 281 963 nou
296 906 375 961 tacite
389 905 486 960 rationi
498 905 627 960 occurrit.
640 903 709 958 llus.
735 902 804 969 Quid
818 901 918 972 iginrr¹
970 906 998 951 et
1011 895 1093 951 Jacob
1106 914 1186 953 unum
1209 907 1273 954 suut
1286 898 1362 968 juxta
1378 899 1400 930 ¹¹
1415 897 1571 955 naturalem
1587 901 1752 957 wetu-

133 996 360 1056 dicemusib'unt
372 997 645 1065 Spiritnmsanctnm,
661 1008 741 1063 quem
754 991 921 1047 distributio-
971 995 1035 1053 turn,
1065 997 1120 1042 tres
1140 1003 1204 1043 reru
1229 991 1374 1044 secuudum
1408 990 1619 1047 substantialem
1644 989 1752 1047 uteret

134 1089 176 1145 nis
189 1089 320 1143 donorum
332 1086 438 1141 diriuae
449 1085 587 1149 bonitatis,
602 1084 660 1139 sire
673 1097 859 1152 eorumquae
879 1096 922 1136 se-
970 1077 1046 1131 tiuur.
1063 1077 1096 1132 Et
1114 1079 1164 1134 boc
1178 1079 1328 1149 exemplum
1344 1081 1369 1134 io
1383 1082 1511 1136 omnibns
1534 1081 1680 1151 generibus
1696 1090 1721 1136 et
1735 1083 1752 1114 ¹¹

133 1177 249 1233 cundum
265 1176 444 1231 substantiam
472 1184 535 1230 sunt
557 1175 579 1242 ¹,
604 1175 661 1229 sire
685 1189 755 1244 qnae
774 1175 920 1229 secuudum
971 1166 1067 1220 formis
1092 1176 1120 1222 ei
1145 1168 1289 1222 individuis
1314 1168 1444 1226 facillime
1468 1169 1597 1227 veritatis
1625 1171 1753 1241 inquisitor
1803 1216 1805 1231 .

113 1237 409 1340 ¹gratiam,iu‘lmitam
430 1267 659 1321 ctinexbanstam
687 1265 922 1336 longissimumque
973 1256 1101 1311 inveniti·
1126 1258 1196 1313 01⁵0·
1215 1258 1283 1327 ertd
1298 1260 1388 1328 itaque
1402 1260 1435 1314 de
1456 1261 1510 1316 hac
1534 1260 1673 1329 praesenti
1686 1277 1753 1331 qnae
1803 1294 1805 1303 ·

133 1367 162 1412 et
174 1358 316 1428 plusquam
328 1356 506 1426 largissimam
521 1369 630 1409 causam
644 1367 705 1407 esse
716 1352 849 1408 catholice
859 1367 923 1406 con-
973 1346 1060 1401 stioue
1070 1348 1235 1417 multumque
1249 1347 1346 1403 difficili
1361 1360 1493 1420 conceptu
1506 1351 1535 1404 in
1553 1350 1648 1405 auimo
1658 1350 1752 1413 lultms,

134 1445 243 1499 nteuuu
260 1445 282 1507 ¹,
301 1461 335 1499 ex
360 1460 411 1498 una
425 1458 517 1506 carisa,
533 1444 583 1497 boc
607 1449 659 1506 cst,
681 1457 716 1495 cx
736 1440 825 1501 Patre,
842 1456 875 1494 au
889 1455 924 1494 ex
974 1436 1080 1506 detege,
1090 1437 1111 1490 si
1125 1436 1222 1506 placet,
1237 1452 1271 1492 rte
1284 1446 1338 1492 taut
1352 1437 1396 1492 din
1410 1438 1437 1492 in
1448 1438 1553 1493 eisdem
1569 1438 1638 1494 locis
1649 1438 1754 1493 dernure-

134 1535 238 1590 duabns
251 1534 350 1598 causis,
362 1533 442 1587 Patre
453 1542 480 1587 et
494 1533 571 1598 lilio,
586 1530 732 1600 procedere
746 1529 865 1599 profiteri
879 1528 919 1583 de
974 1542 1046 1594 mur,
1058 1528 1120 1582 durn
1131 1529 1273 1596 adcctert,
1285 1545 1354 1599 quac
1368 1536 1484 1597 restant,
1494 1531 1660 1600 exponentia
1673 1531 1755 1587 debet·

134 1623 247 1679 bemus?
265 1622 338 1677 Drsc.
353 1622 397 1675 llla
412 1621 545 1689 exempla,
567 1635 636 1688 quac
658 1634 689 1674 ert
716 1628 811 1671 natura
835 1631 924 1670 rerum
975 1631 1036 1672 tuns
1047 1617 1210 1673 accelerare.

134 1712 305 1784 protulimus,
320 1713 371 1767 boc
388 1713 478 1767 dicore
491 1711 601 1765 umuiuo
616 1707 769 1779 prohibent,
796 1709 846 1764 boc
872 1714 924 1771 est,
1010 1707 1053 1762 52.
1071 1707 1141 1762 lluc.
1160 1709 1250 1774 Dicas,
1266 1716 1338 1780 pcto.
1363 1706 1432 1763 Num
1455 1707 1502 1764 tibi
1525 1709 1637 1765 ridetur
1655 1724 1688 1765 ex
1707 1708 1755 1781 igne

135 1819 189 1859 uon
203 1819 237 1858 ex
250 1803 364 1866 rlrtabus,
377 1803 424 1857 sed
439 1818 473 1856 ex
487 1817 539 1855 nna
552 1802 708 1870 procedere,
724 1800 774 1853 uisi
787 1798 855 1853 lune
866 1798 926 1868 quis
942 1817 964 1876 Β
978 1797 1082 1850 radium
1098 1796 1184 1861 nasci,
1208 1805 1236 1852 et
1261 1814 1294 1851 en
1311 1797 1387 1851 radic
1406 1795 1582 1867 splendorem
1605 1796 1755 1868 procederet

32 1930 39 1942 .
136 1896 220 1958 dicat,
233 1895 364 1950 rationem
396 1909 519 1949 summac
539 1903 620 1963 atque
643 1889 928 1947 iucllabilis¹dirinue
978 1884 1192 1954 Diffi-Quidvis
1213 1886 1264 1940 ¹¹⁰⁰
1286 1886 1395 1950 dlxiiii,
1412 1901 1446 1940 Εἰ
1471 1895 1591 1941 Ιῑθῑῦηθ
1608 1886 1756 1942 'emmim‘

135 1983 278 2038 Trinitatis
296 1992 408 2037 naturae
424 1982 549 2037 eorrdituc
567 1980 689 2051 exempla
703 1994 841 2050 superare.
857 1978 926 2033 blac.
978 1976 1048 2044 genti
1059 1975 1274 2044 consideratione
1287 1991 1340 2030 uon
1356 1975 1501 2045 discrepat,
1516 1984 1550 2031 ut
1562 1977 1691 2032 arbitror.
1701 1975 1757 2048 ignit

137 2071 166 2127 st
181 2073 242 2142 quis
264 2073 315 2126 boo
339 2071 447 2135 dixerit,
471 2070 613 2126 cotdcstim
637 2068 843 2139 interrogandus
864 2065 927 2131 erit,
977 2064 1061 2129 cuitu,
1074 2079 1135 2118 cum
1159 2063 1195 2118 sit
1215 2078 1263 2133 per
1284 2079 1313 2118 se
1326 2063 1477 2127 inuisibilis,
1499 2062 1640 2119 risibilem
1655 2065 1676 2097 ¹¹
1696 2065 1757 2120 dett

139 2161 209 2215 uude
220 2175 286 2231 ergo
300 2159 407 2214 divinae
421 2161 549 2215 bonitatis
561 2159 573 2192 ¹
586 2159 745 2214 Trinitatem
774 2159 799 2212 in
815 2158 928 2222 unitate,
979 2155 1082 2207 radium
1097 2154 1191 2224 giguit,
1208 2154 1254 2222 qni
1269 2153 1351 2208 etiam
1364 2167 1413 2222 per
1432 2169 1462 2208 sc
1477 2152 1627 2209 invisibilis
1639 2162 1710 2209 esset
1721 2169 1759 2208 ns·

136 2257 165 2303 et
178 2250 309 2304 unitatem
327 2250 353 2304 in
366 2249 497 2303 Trinitate
510 2263 640 2317 quaerere
652 2248 855 2317 etinvestigare
867 2261 929 2316 pos·
979 2250 1056 2296 turae
1076 2256 1140 2297 snae
1162 2242 1335 2312 simplicitate
1363 2241 1525 2308 subsistens,
1556 2241 1581 2298 si
1610 2240 1760 2314 corpulentis

136 2356 240 2402 turnus,
252 2348 281 2394 ut
296 2338 397 2408 aliquid
417 2341 449 2394 de
462 2355 505 2403 ea,
520 2355 572 2408 quo
592 2354 652 2395 caut
668 2337 817 2401 laudemus,
832 2337 929 2392 rerisi·
979 2336 1131 2406 crassisque
1144 2336 1250 2391 naturis
1264 2351 1318 2390 uun
1331 2336 1542 2391 immisceretur.
1557 2335 1646 2391 Aiunt
1667 2336 1690 2368 ¹¹
1702 2337 1761 2393 eain

137 2429 201 2484 mile
214 2430 368 2493 credamus,
393 2437 421 2482 et
441 2438 571 2498 qnantum
587 2429 677 2491 datur,
693 2425 885 2498 intelligamus,
906 2429 929 2483 si
982 2427 1144 2498 pbilosopbi,
1158 2428 1263 2483 radium
1278 2427 1350 2483 Solis
1361 2427 1518 2482 animalium
1534 2428 1664 2484 sensibus
1673 2428 1761 2483 incurt-

139 2519 220 2572 ιιοιι·
241 2519 317 2588 prins
338 2518 414 2586 quasi
437 2517 598 2587 quibusdam
625 2515 777 2588 gradibus¹
801 2518 931 2586 exeurplis
979 2517 1188 2588 prelrcusibilem
1205 2532 1275 2582 esse,
1291 2527 1403 2573 naturae
1415 2517 1500 2586 ipsius
1523 2518 1704 2575 subtilitatem
1719 2534 1762 2573 ttou

139 2611 299 2664 naturaeab
309 2622 341 2663 ea
353 2607 478 2662 conditae
495 2608 528 2661 ad
542 2622 602 2661 eam
615 2608 803 2672 ascendamus,
819 2623 850 2662 ea
864 2607 931 2664 duce
979 2607 1126 2661 valentium
1140 2606 1162 2639 ¹¹
1176 2607 1294 2670 sentire;
1314 2607 1376 2661 dum
1397 2614 1487 2662 autern
1506 2607 1648 2678 gradatim
1662 2623 1681 2679 ,²
1695 2605 1763 2663 tcltn'

139 2706 222 2767 atque
245 2696 449 2766 praecipiente:
467 2695 592 2762 Quaerite
615 2705 640 2749 ct
664 2681 824 2751 inuenietis?
850 2695 932 2751 Prae·
979 2713 1094 2769 corpore
1110 2697 1285 2754 adiuleriora
1309 2697 1442 2753 clementa
1462 2698 1619 2765 descendit,
1646 2699 1762 2771 pauladn

139 2789 235 2843 sertim
250 2781 346 2842 birino
360 2785 444 2842 Paulo
458 2795 575 2842 testante
590 2804 597 2841 :
618 2786 767 2841 lrtuisitr'tr'n
782 2787 851 2842 enirn
861 2788 931 2859 ejus,
981 2789 1075 2858 incipit
1088 2804 1231 2860 apparere.
1254 2788 1374 2844 Primum
1389 2789 1497 2859 quidem
1511 2790 1540 2846 iu
1563 2793 1679 2848 aetbere
1691 2791 1765 2865 purit-

139 2879 239 2950 inquit,
252 2879 327 2933 idest
352 2876 454 2943 Putris,
476 2888 629 2932 ocreatum
643 2879 734 2933 muudi
754 2896 800 2948 per
819 2897 849 2934 eo
864 2895 932 2951 quoe
981 2880 1051 2936 siuto
1065 2880 1109 2934 rix
1134 2879 1224 2936 lucere
1247 2879 1366 2946 itrclrcat,
1391 2880 1520 2951 quoniam
1547 2882 1637 2953 ipsius
1659 2883 1765 2940 actitent

140 2969 212 3040 {octo
223 2978 283 3022 turn
297 2968 426 3023 intellectu
438 2968 643 3038 conspiciuntur,
662 2969 818 3039 sempiterno
831 2984 933 3039 quoqne
982 2978 1078 3024 natura
1087 2969 1136 3039 ipsi
1144 2968 1280 3024 simillima
1288 2977 1347 3036 est;
1362 2971 1539 3041 progrediens
1554 2971 1766 3046 rerolongiustl
1803 2994 1805 3009 ¹

139 3055 569 3128 einttu'rtus,bocestFilius,rt
585 3055 933 3126 derernimulrocestspi-
982 3059 1128 3130 superioris
1140 3057 1221 3128 liujus
1233 3059 1305 3114 acris
1316 3068 1416 3129 partes,
1432 3060 1564 3130 paulatim
1583 3060 1767 3127 clameciutt
1802 3050 1805 3073 ⁵

140 3147 211 3200 ritus
224 3153 346 3199 sauctus.
360 3143 400 3198 lta
414 3143 487 3199 enim
501 3144 572 3200 bunc
586 3142 674 3199 locunt
692 3158 787 3200 sacrae
811 3143 932 3214 Scripto·
945 3146 968 3209 C
983 3150 1091 3216 deiude,
1104 3151 1132 3205 in
1145 3161 1276 3221 quantum
1287 3149 1436 3206 crassiores
1446 3160 1559 3207 naturas
1569 3155 1768 3224 penetratrlecr

143 3246 190 3287 rae
204 3233 300 3286 beatus
325 3232 458 3287 tissimus
483 3233 604 3303 exponit.
631 3233 706 3288 Drsc.
722 3232 803 3300 Quid,
826 3232 932 3302 siquis
983 3253 1043 3293 sum
1059 3254 1163 3305 versus,
1179 3239 1322 3295 intantum
1346 3239 1462 3296 lucidius
1475 3239 1574 3305 elucet,
1601 3243 1768 3312 sentiturque

143 3322 252 3382 dixerit,
267 3321 377 3376 Putrem
393 3329 421 3375 et
433 3321 530 3377 Ftlioru
546 3337 599 3376 nou
610 3323 679 3377 duras
692 3337 789 3377 etrtsas
797 3337 870 3388 esse,
884 3321 933 3378 sed
983 3330 1122 3401 corporeis
1137 3330 1406 3400 comprehensibilem
1421 3347 1451 3387 se
1471 3341 1603 3403 praestat.
1625 3333 1725 3390 Vei—u.
1736 3346 1768 3387 a

144 3424 225 3463 rnatu
239 3416 267 3462 et
289 3405 494 3477 inseparabilem
511 3423 631 3474 cansam,
644 3409 703 3477 ipso
718 3408 786 3464 rtnu
806 3410 932 3467 dicenter
985 3419 1043 3488 ipso
1056 3418 1132 3474 radio
1145 3418 1272 3489 splendor
1285 3418 1514 3476 luculentissimus
1534 3430 1624 3476 toturn
1649 3420 1767 3477 mundun

143 3496 202 3569 [qo
211 3493 412 3552 et'l’uternntun
425 3497 535 3551 tuutntt
550 3498 619 3552 dtu.
631 3498 700 3553 lloic
710 3513 816 3570 quoque
824 3515 935 3572 respun-
985 3506 1108 3577 irnpleus,
1120 3516 1147 3562 et
1158 3522 1192 3562 ex
1200 3506 1320 3563 omnium
1332 3522 1475 3579 corporum
1486 3508 1635 3579 superdcie
1647 3508 1769 3573 resiliens

144 3590 260 3645 deudmn
272 3597 323 3645 est.
336 3587 404 3643 Tres
410 3604 508 3644 causac
522 3588 629 3644 divinae
642 3590 781 3655 bonitatis,
792 3592 825 3646 de
837 3593 935 3662 quibus
985 3594 1161 3665 diuersasque
1171 3594 1293 3651 colorum
1307 3598 1412 3668 speeies
1422 3598 1554 3668 detegens
1564 3599 1711 3655 emittitur.
1721 3597 1769 3670 lpst

144 3695 217 3736 anne
239 3679 353 3750 egidrus,
370 3693 423 3733 nou
438 3679 464 3733 in
483 3679 540 3748 ipsa
553 3679 681 3743 essentia,
697 3693 766 3747 qnae
788 3695 839 3734 uua
855 3690 936 3750 utque
985 3702 1093 3758 quoqne
1105 3688 1219 3743 naturali
1230 3704 1280 3744 sna
1294 3689 1425 3745 tenuitate
1438 3689 1596 3759 corporales
1605 3705 1704 3747 oeusus
1713 3690 1771 3744 edn-

143 3770 239 3824 eadem
255 3775 307 3833 est,
328 3768 377 3822 sed
396 3767 422 3822 in
442 3767 499 3837 ipsa
520 3768 606 3838 ipsius
621 3770 756 3824 essentiae
770 3771 935 3825 substautia-
986 3788 1071 3850 genet,
1085 3780 1108 3835 st
1126 3796 1219 3837 nense
1232 3781 1418 3852 corporalibus
1433 3781 1458 3813 ¹¹
1480 3781 1625 3837 elementis
1649 3791 1768 3852 tempew

144 3873 205 3914 '1¹¹ss
226 3859 292 3914 Vel⁸
318 3873 493 3929 deffinitum
518 3859 652 3915 Trirtittte
678 3868 853 3929 quatiuntur·
877 3859 936 3915 Νθῐι
988 3880 1038 3924 ret.
1052 3869 1123 3925 blto.
1138 3869 1176 3924 lta
1187 3879 1240 3935 est,
1255 3879 1283 3925 et
1296 3879 1452 3925 naturarum
1475 3869 1618 3940 inquisitio
1632 3888 1687 3928 non
1704 3871 1769 3927 tliter

144 3952 216 4007 enim
229 3950 555 4007 cortinuditdualitatem¹
571 3969 758 4023 personarum,
774 3955 836 4009 dum
849 3954 935 4009 dicit:
989 3959 1046 4013 beri
1067 3973 1146 4029 posse
1168 3960 1305 4028 perdocet.
1320 3958 1453 4030 Numquid
1468 3975 1533 4031 ergo
1556 3975 1688 4033 cogemur
1701 3962 1732 4027 ¹¹,
1746 3966 1769 4013 nt

145 4039 203 4111 seu
214 4050 238 4094 et
249 4039 421 4095 Poterannm
432 4058 533 4096 sumus.
547 4042 614 4097 Nam
624 4059 676 4098 uon
691 4044 808 4114 ait:qu
819 4054 842 4098 et
857 4041 937 4098 Pater
988 4047 1075 4119 ipsum
1098 4048 1279 4118 splendorem,
1301 4050 1347 4120 qui
1371 4065 1420 4120 per
1443 4059 1603 4108 nascentem
1617 4052 1721 4107 radium
1741 4047 1769 4103 ab

146 4144 228 4184 ruunt
242 4145 310 4190 sum,
325 4130 372 4184 sed
383 4146 485 4196 tnntur,
498 4132 644 4188 ostendens
661 4143 688 4188 et
702 4135 835 4190 essentiae
847 4136 937 4190 uuita·
989 4140 1051 4210 igue
1062 4139 1192 4207 procedit,
1202 4139 1269 4195 duas
1281 4155 1377 4194 causas
1389 4139 1489 4195 babere
1499 4138 1769 4209 dicautustouauds

146 4227 201 4273 tem
216 4226 245 4273 et
263 4219 476 4275 substantiarum
491 4221 669 4277 ditlcrcutiam
692 4224 725 4277 ¹¹.
748 4225 782 4278 ttt
806 4224 939 4295 siquidem
988 4232 1060 4288 enim
1074 4232 1107 4286 ab
1128 4233 1188 4302 igne
1209 4245 1257 4303 per
1276 4233 1381 4287 radium
1396 4232 1524 4303 procedat
1541 4233 1577 4299 ¹¹,
1600 4233 1672 4305 iguis
1693 4244 1768 4288 turrira

147 4307 324 4377 diceretrb'qo
331 4321 353 4363 et
361 4306 472 4364 Puteret
480 4310 596 4381 Spiritus
604 4314 938 4382 sunctnt¹¹unumsnmus,
989 4323 1455 4394 sotumnnuducausaipsiusest‚nou
1470 4324 1573 4380 radius.
1588 4325 1668 4381 Sicut
1676 4325 1700 4358 ¹¹
1709 4322 1768 4378 sain

148 4418 201 4456 non
215 4401 294 4456 aliter
308 4401 531 4472 intelligeremus,
546 4405 596 4460 uisi
622 4406 702 4461 trium
728 4409 938 4463 substantiarum
991 4416 1048 4486 ipse
1060 4415 1151 4470 rudius
1172 4430 1220 4484 per
1233 4429 1263 4470 sc
1277 4430 1329 4470 uon
1351 4415 1522 4480 subsisteret,
1542 4416 1566 4470 si
1581 4416 1615 4471 de
1627 4431 1709 4472 causa
1719 4427 1767 4475 snt.

149 4492 297 4547 trinitatem
317 4493 345 4548 in
370 4493 491 4564 ejusdem
507 4496 643 4551 esseutiae
666 4496 769 4551 unitate
789 4496 940 4551 subsisten—
956 4502 1109 4576 itqnneest
1125 4507 1203 4577 iguis,
1217 4522 1271 4562 nou
1289 4515 1455 4572 nasceretur,
1470 4507 1507 4562 ita
1521 4506 1652 4579 splendor
1672 4523 1719 4579 per
1735 4520 1769 4560 rt·

148 4588 214 4634 tern.
229 4581 262 4635 Et
275 4583 399 4650 quamvis
412 4583 452 4638 sie
464 4585 564 4639 dictum
575 4600 635 4641 esse
647 4602 700 4641 uon
713 4587 942 4657 reperiantus,re-
991 4597 1065 4652 dium
1080 4611 1132 4652 non
1145 4606 1225 4661 esset,
1243 4599 1294 4654 nisi
1306 4598 1381 4669 prius
1395 4612 1429 4653 ex
1448 4599 1532 4670 ipsius
1546 4599 1616 4656 radii
1626 4616 1709 4657 causa
1719 4613 1771 4672 prt-

150 4671 258 4725 rissime
270 4679 359 4727 tamen
376 4673 411 4727 ita
424 4689 485 4730 csse
502 4676 681 4747 intelligamus
692 4679 725 4731 ¹¹.
738 4677 819 4734 Pater
833 4681 904 4735 enirn
915 4686 943 4734 et
992 4687 1109 4742 eederet.
1123 4686 1204 4743 Vides
1217 4688 1317 4758 itaque,
1332 4688 1431 4743 nnllam
1454 4688 1589 4744 rationem
1611 4693 1729 4765 exigere,
1746 4696 1770 4743 ut

144 4794 149 4802 .
162 4755 248 4809 Filius
255 4768 284 4857 et
294 4756 410 4826 Spiritus
420 4771 530 4818 sauctus
543 4775 697 4820 nrmursuut
707 4777 735 4823 et
744 4777 799 4823 tres
813 4784 905 4823 rtrurm.
918 4768 941 4824 d
993 4778 1161 4849 splendores
1178 4780 1281 4835 duabus
1292 4781 1381 4836 causis
1394 4781 1710 4852 procedat,quamrisex
1720 4783 1771 4855 ints

151 4842 637 4922 PatresrquidernFitiusestgeuitus,
650 4858 907 4915 ctabccdeutPutre
920 4859 942 4891 ¹¹
991 4885 1041 4941 per
1054 4869 1157 4924 rudiunt
1171 4886 1283 4926 manare
1307 4871 1481 4942 intelligatur,
1495 4887 1591 4928 rerum
1613 4889 1648 4930 ex
1661 4890 1714 4930 una
1731 4886 1772 4927 et·

151 4932 269 5006 Spiritus
279 4943 322 4989 est
336 4939 494 5005 procedens.
510 4944 548 4996 Ac
562 4957 610 5011 per
631 4945 682 4999 hoe
694 4945 757 4999 duur
771 4961 848 5002 sacra
868 4948 944 5003 Scri·
993 4958 1108 5029 deinque
1122 4976 1203 5016 carisa
1218 4970 1245 5015 ct
1256 4961 1359 5016 radium
1376 4962 1460 5028 nasci,
1482 4969 1510 5017 et
1532 4963 1706 5035 splendorem
1721 4978 1774 5036 prt-

150 5038 230 5098 ptura
241 5027 415 5096 praedicante
425 5038 454 5085 et
463 5034 592 5088 suadente
602 5035 682 5088 anulio
692 5038 843 5105 gignentem
855 5051 882 5094 ct
893 5056 941 5111 gc·
993 5050 1101 5115 cedere,
1117 5065 1149 5105 ae
1163 5066 1212 5120 per
1234 5051 1284 5105 hcc
1298 5061 1325 5106 et
1339 5051 1508 5121 splendorem
1527 5067 1562 5108 ex
1580 5054 1643 5125 igne
1658 5055 1775 5125 radioqnt

152 5118 239 5175 nitunt
251 5130 281 5177 et
290 5122 491 5192 procedentem,
503 5133 558 5182 tres
569 5129 737 5185 substautias
750 5146 797 5186 seu
813 5148 942 5202 personas
994 5134 1139 5210 procedere
1154 5141 1187 5207 ¹¹,
1204 5153 1298 5197 natura
1315 5144 1371 5213 ipsa
1389 5144 1412 5175 ¹¹
1424 5143 1552 5215 tnagistra
1576 5163 1633 5204 uon
1653 5156 1732 5205 tacet.
1748 5144 1777 5203 tt

791 5287 917 5347 leildl}
935 5291 1137 5353 bustiones.

155 5409 234 5530 bbd
254 5425 325 5491 erqo.
380 5413 390 5444 ¹
412 5424 598 5498 eunome.
653 5418 899 5502 'drcrrfitemnn
953 5424 1001 5509 ‘ti
1027 5437 1108 5498 atque
1131 5431 1266 5500 confestim
1296 5432 1449 5489 irreidabilis.
1501 5436 1582 5491 'Pro
1607 5443 1783 5513 superium

171 5489 276 5534 onttntrt
296 5481 318 5534 Α
341 5481 465 5536 ductuum.
520 5484 643 5549 ¹SroC;
669 5489 771 5543 duret.
817 5492 865 5544 Ἀ
891 5496 1045 5563 qrunddrns.
1101 5501 1217 5554 ¹dnut.
1272 5503 1493 5573 'Cqurditotetn
1547 5506 1783 5583 ¹’Cttipereutiue

155 5547 176 5580 ¹¹
190 5560 296 5607 cunctus
318 5567 373 5605 orn.
388 5553 420 5606 Α.
461 5554 519 5607 ¹¹d
542 5556 720 5627 intelliqiutut.
759 5560 1136 5637 ¹¹Aetabeoil'utreom.l
1174 5571 1307 5625 ΙἈιὲιιι.
1342 5575 1565 5633 desecandum.
1606 5582 1631 5614 ¹¹
1643 5594 1669 5637 et
1688 5600 1744 5640 ont.
1757 5586 1784 5638 d.

156 5615 249 5737 iigffic
268 5619 304 5684 (ῖς
327 5625 349 5673 d
369 5623 534 5678 irtrrisibilrm.
589 5627 769 5709 ''dliirunn
820 5632 841 5661 ¹¹
864 5632 1021 5690 tirubntet.
1071 5639 1094 5671 ¹¹
1117 5639 1163 5695 Sic
1182 5639 1219 5703 C;
1245 5643 1268 5694 A
1295 5644 1524 5712 corporulioritrnt.
1575 5650 1599 5682 ¹¹
1620 5653 1643 5706 Α
1664 5657 1785 5727 rogim.

213 5695 518 5750 mtcuuuurnutere-
534 5700 760 5765 pincernante.
799 5700 925 5758 ¹¹dSt'c.
961 5704 1190 5776 ¹¹ucperdoc—
1209 5712 1346 5781 procedere
1361 5729 1414 5768 ont.
1439 5715 1471 5768 Α.
1510 5717 1571 5772 ¹⁵0
1598 5722 1663 5777 ictu.
