3984 6534
180 379 216 423 ss
887 346 1088 409 ruooramrr

180 490 493 574 quitusnrbemlam
510 486 617 550 sciunt
634 501 758 550 omnes.
786 496 860 567 repar
884 486 1012 549 ducitur
1028 486 1068 548 ab
1096 491 1175 564 ειρὸς,
1204 493 1243 557 tv,
1262 485 1481 567 formaturque
1505 502 1623 552 namen
1651 489 1807 569 lantperte

180 606 388 687 cngcaitim
429 613 499 686 repra
523 619 613 667 more
633 602 826 665 Latinorum
845 604 957 668 eodem
976 605 1083 682 modo,
1099 622 1164 686 quo
1178 606 1367 688 GraJ'npcna,
1385 622 1451 688 quo
1464 605 1595 671 nornine
1609 607 1679 688 ipse
1694 606 1808 671 scotus

179 734 291 789 noster
304 726 335 788 S.
352 724 524 788 Maximum
544 723 680 786 honorat
695 723 729 786 in
742 723 804 788 hoc
822 742 937 789 versu:

528 861 668 930 baisqarr
681 871 754 916 amat
768 862 882 921 sormam
895 865 1024 938 pulchrae
1035 866 1147 926 laudare
1160 864 1287 941 Sophiae,

531 951 573 1010 'i'c
586 952 658 1049 legat
671 956 795 1025 assidue,
810 956 926 1016 Maxime
942 957 1103 1031 Graiugenae.

220 1081 266 1144 En
293 1083 579 1192 simplicissimam,
606 1104 744 1169 eamque
772 1087 856 1154 baud
883 1091 984 1157 dubie
1010 1110 1117 1156 rcram
1136 1095 1230 1158 istrus
1256 1096 1397 1160 nomrnis
1424 1098 1696 1179 explanationem.
1713 1101 1803 1178 Quod

177 1227 278 1290 quum
308 1211 439 1290 posteri,
464 1211 521 1289 qui
548 1207 731 1272 versionem
757 1210 1012 1292 descripserunt,
1028 1213 1135 1277 miuus
1160 1215 1386 1295 intelligerent,
1410 1216 1443 1279 in
1470 1218 1632 1299 Erinpenn
1659 1221 1748 1300 ideo,
1772 1231 1806 1287 ut

179 1327 321 1402 ridetur,
335 1333 517 1402 mutarunt,
535 1333 571 1390 ut
594 1328 634 1390 ad
661 1344 780 1392 nomen
804 1328 887 1390 Erin
911 1328 1079 1392 alluderet.
1104 1331 1233 1406 Postea,
1253 1347 1352 1410 quum
1367 1330 1452 1394 lraud
1468 1350 1539 1397 raro
1554 1354 1576 1396 u
1595 1334 1687 1400 litera
1706 1340 1805 1419 magis

183 1449 218 1510 in
230 1447 397 1529 iornramp
413 1448 524 1511 literae
536 1456 732 1522 exoraretur,
744 1465 801 1531 pro
812 1452 964 1530 derepeno
980 1450 1039 1514 riri
1050 1450 1135 1515 docti
1152 1453 1462 1533 legeruntdryqnm,
1479 1453 1805 1537 Enpmqinquinuc

178 1564 303 1628 nrimus
318 1563 385 1628 leae
404 1564 602 1628 Tritbcmius
616 1561 721 1628 fuisse
737 1565 877 1631 ridetur.

217 1682 331 1761 ltaque
349 1681 553 1746 acutissimae
571 1681 714 1744 virorum
733 1683 899 1748 doctorum
916 1685 1130 1768 conjecturae,
1146 1687 1361 1769 opinantium,
1376 1690 1533 1754 loannem
1546 1690 1680 1756 Scotum
1693 1700 1808 1762 eterra

176 1800 309 1879 dromo,
326 1817 435 1882 epage
449 1800 602 1877 Eranam,
620 1804 669 1865 rel
690 1821 729 1867 ex
752 1804 833 1868 urbo
848 1805 923 1867 dire
948 1805 1118 1870 oriundum
1134 1804 1247 1881 fuisse,
1264 1813 1294 1870 et
1310 1824 1394 1888 quae
1417 1808 1546 1888 copiose
1563 1808 1645 1874 inira
1665 1811 1699 1874 in
1715 1829 1809 1876 coar·

176 1921 374 1987 mentatione
401 1920 440 1984 de
467 1921 528 1986 lroa
548 1924 683 1988 nomine
711 1925 872 2006 disputata
895 1926 1117 2000 inveniuntur,
1137 1935 1170 1990 ut
1189 1944 1267 1991 vana
1294 1927 1507 1991 collabuntur.
1532 1929 1643 2008 Neque
1658 1930 1721 1994 hoc
1737 1931 1808 1997 loce

175 2041 499 2124 praetermittendum
511 2059 582 2106 esse
594 2049 733 2117 arcetur,
745 2061 761 2105 a
773 2043 1179 2122 scriptoribusaoqualibus
1190 2044 1345 2105 Joarruem
1357 2058 1522 2122 nunquam
1539 2045 1809 2127 aliocoguomina

172 2159 238 2227 nisi
248 2159 338 2221 Secti
357 2160 405 2223 vel
420 2161 602 2242 Scotiqenna
616 2167 793 2242 nominari,
806 2184 914 2248 neque
928 2166 962 2228 in
975 2165 1139 2229 codicibus
1161 2183 1303 2246 unquam
1320 2166 1471 2225 loannem
1480 2166 1607 2227 Scotum
1620 2168 1809 2248 lecapenum

174 2297 238 2344 uua
253 2290 284 2345 et
298 2285 497 2363 conjunctim
522 2287 600 2364 lagi,
619 2286 688 2358 scd,
705 2295 739 2349 ut
764 2287 963 2359 monuimus,
978 2290 1033 2346 aut
1046 2283 1197 2345 loannem
1218 2282 1357 2355 Scotum,
1372 2286 1426 2344 aut
1441 2280 1593 2343 loannem
1606 2284 1805 2364 Irruperant.

172 2399 209 2468 lu
227 2401 328 2465 altero
342 2411 467 2467 tautum
491 2423 669 2470 carminum
688 2404 796 2467 codice
811 2403 966 2466 Vaticano
982 2410 1012 2466 et
1026 2403 1060 2465 iu
1076 2402 1169 2466 titulo
1185 2402 1344 2499 versionis
1360 2400 1595 2478 Ambiguorum
1620 2402 1652 2463 S.
1670 2405 1806 2469 Maximi

176 2521 355 2601 appellatur
372 2525 508 2585 loannes
523 2525 784 2603 sapientissimus,
802 2524 850 2586 vel
867 2522 1056 2604 simpliciter
1069 2522 1216 2585 ioannes.

216 2636 281 2699 Nec
298 2637 432 2704 obstare
459 2639 627 2714 ridentur,
655 2655 738 2717 quae
764 2655 867 2718 nuper
891 2636 1026 2717 scriptor
1054 2652 1235 2716 anonymus
1260 2636 1294 2698 in
1320 2637 1573 2718 Eucyclopaedra
1592 2639 1646 2702 eui
1664 2638 1803 2704 titulus:

175 2754 439 2820 Kirclrenlecieon
466 2758 541 2821 oder
567 2759 813 2840 Euryclopaedie
838 2759 892 2821 der
919 2756 1134 2820 Cotlelisclrrn
1162 2755 1329 2834 Theoloqir
1353 2773 1414 2816 oon
1450 2756 1493 2819 H.
1523 2757 1556 2820 S.
1588 2757 1711 2824 Wetzer
1738 2760 1807 2824 rand

172 2878 211 2942 B.
236 2876 332 2945 Walte
356 2881 395 2944 V.
424 2880 561 2942 Ioannes
585 2880 698 2941 Scatrae
711 2879 849 2959 Eriqeno
877 2877 1013 2959 objecit,
1038 2876 1125 2938 illam
1157 2875 1350 2938 sententiam
1378 2892 1481 2938 meam
1498 2894 1562 2940 aon
1578 2878 1686 2942 minus
1705 2899 1805 2962 quam

172 3009 353 3064 ceterorum
369 3001 498 3065 dubiam
515 3017 600 3075 esse,
614 3008 646 3063 et
660 3000 778 3063 limites
793 3001 1048 3082 conjecturarum
1067 3013 1132 3060 non
1151 2995 1317 3059 excedere.
1335 2996 1403 3058 lma
1422 3013 1497 3060 vero
1514 3000 1674 3063 sententia
1690 3010 1802 3069 nostra

171 3116 235 3179 fido
253 3115 401 3179 codicum
416 3116 542 3192 nititur,
559 3118 592 3179 iu
609 3120 728 3198 quibus
742 3119 878 3180 loannes
899 3120 1051 3199 lacapeno
1067 3115 1186 3178 diserte
1201 3120 1344 3179 vocatur.
1357 3114 1566 3194 cognominis
1577 3136 1654 3183 reru
1668 3133 1804 3188 sensum

173 3256 243 3303 non
261 3237 456 3317 conjectura,
473 3236 530 3301 sed
546 3254 618 3299 rere
635 3236 723 3298 verbi
738 3237 953 3314 originatione
970 3243 1138 3300 assecutus
1155 3251 1226 3297 esse
1241 3233 1320 3297 milri
1338 3235 1459 3297 videor.

215 3358 306 3420 Nunc
325 3370 400 3419 aero
419 3356 540 3435 optime
557 3355 714 3437 quadrant
732 3355 829 3419 rerba
844 3354 1008 3420 Prudentii
1027 3356 1154 3419 Scotum
1171 3354 1364 3436 increpantis
1388 3355 1527 3416 baccae:
1546 3352 1589 3411 Tc
1612 3348 1715 3412 solum
1737 3369 1806 3413 onr-

172 3480 260 3539 nium
276 3474 490 3537 acutissimum
504 3474 627 3540 Galliae
652 3475 825 3537 transmisit
843 3474 1008 3551 Hibernia,
1035 3482 1082 3550 nt,
1107 3473 1303 3555 quesnellus
1317 3473 1430 3555 absque
1450 3482 1479 3534 te
1491 3474 1570 3536 seire
1582 3480 1720 3552 poterat,
1735 3474 1804 3536 luia

173 3595 407 3659 eruditionibus
423 3595 586 3660 obtineret.
604 3597 667 3661 Nec
680 3597 747 3679 jam
766 3594 930 3660 offendere
956 3602 1073 3676 potest,
1089 3595 1175 3674 quod
1193 3591 1374 3656 Guilelmus
1389 3591 1687 3655 Malmesbrrriensis
1704 3599 1805 3656 testa·

174 3725 237 3793 tur,
254 3717 288 3780 in
301 3715 410 3781 codice
427 3715 585 3781 versionis
597 3736 632 3780 se
647 3717 777 3798 legisse,
793 3717 949 3781 loannem
963 3716 1090 3779 Scotum
1108 3713 1509 3794 Herulipenamnominari.
1527 3712 1699 3792 Erulipano
1715 3713 1802 3776 enim

172 3834 252 3899 nihil
269 3836 357 3899 aliud
371 3841 431 3910 est,
448 3836 513 3900 nisi
527 3835 713 3917 Eriniqeno,
733 3836 766 3900 id
784 3845 844 3912 est,
865 3833 1019 3897 oriundus
1037 3853 1076 3895 en
1090 3833 1193 3896 insuto
1207 3833 1305 3906 Prin,
1324 3848 1407 3913 quac
1429 3827 1560 3892 estsere
1578 3828 1685 3891 versio
1702 3826 1802 3892 latina

173 3960 320 4024 vocabuli
349 3961 517 4040 lerugena.
546 3960 719 4040 Erulipeno
747 3966 854 4023 autem
871 3965 903 4022 et
929 3955 1101 4036 Erinipenn
1127 3955 1285 4035 scriptura
1313 3949 1459 4015 codicum
1483 3949 1536 4011 rix
1567 3947 1742 4026 dilierunt,
1767 3951 1803 4015 in

172 4079 293 4163 quibus
312 4079 360 4142 nli
377 4088 408 4142 et
424 4081 472 4142 ini
488 4081 567 4143 satis
584 4086 729 4142 accurate
747 4076 954 4140 conveniunt.

214 4209 230 4282 i
254 4205 302 4268 18.
326 4203 397 4267 Alia
411 4211 459 4268 cst
476 4199 636 4286 quaestio,
654 4216 738 4280 quae
758 4196 844 4260 haud
869 4196 978 4259 minus
996 4192 1136 4258 virorum
1152 4190 1318 4257 doctorum
1332 4189 1461 4270 ingenia
1475 4205 1647 4262 excercun,
1665 4189 1706 4253 de
1720 4190 1803 4253 libre

174 4330 309 4399 loannis
326 4327 422 4405 Secti,
440 4343 538 4409 quem
550 4322 651 4386 chS.
666 4319 870 4385 Eucharistia
885 4317 1053 4398 scripsisse
1068 4314 1180 4377 lectur.
1192 4313 1237 4376 Er
1254 4316 1463 4397 scriptoribus
1478 4320 1670 4399 aequoribus
1688 4319 1803 4382 librum

175 4451 370 4532 peculiarem
395 4449 530 4514 loauuis
546 4443 630 4509 Senti
654 4443 695 4505 de
713 4437 914 4503 Euclraristia
933 4434 1043 4497 nullus
1071 4440 1307 4498 commemorat.
1336 4435 1529 4500 llincmarus
1552 4438 1637 4502 enim
1657 4439 1801 4503 nonnisi

174 4591 312 4638 errorem
322 4573 509 4654 perstringit
522 4592 531 4632 r
542 4565 626 4651 quod
636 4567 861 4628 sacramentnm
874 4555 987 4618 altaris
1000 4571 1064 4615 nan
1076 4571 1181 4616 cernar
1195 4573 1309 4635 corpur
1322 4562 1350 4617 et
1362 4573 1452 4617 cerna
1466 4556 1593 4635 conquir
1607 4557 1649 4618 ait
1664 4557 1801 4632 Domini,

174 4697 230 4763 aad
247 4705 368 4759 tantuna
384 4696 533 4759 memorio
545 4691 611 4754 arri
627 4686 769 4770 corporis
785 4691 813 4744 el
828 4679 992 4761 anagninis
1008 4677 1084 4759 ejus,
1103 4693 1241 4756 eumque
1256 4679 1335 4739 satis
1349 4683 1458 4757 aperte
1475 4676 1591 4739 loanni
1613 4677 1801 4757 scotigenae

174 4822 324 4905 imputat.
339 4820 460 4884 Pariter
474 4811 674 4880 ndreraldus
702 4803 879 4870 monachas
902 4797 1113 4864 Floriacensis
1139 4795 1239 4858 seculi
1262 4797 1308 4858 lx
1339 4813 1433 4859 suum
1452 4812 1548 4876 quem
1567 4796 1803 4876 decerperent

174 4945 331 5023 sanguina
346 4936 475 5004 Domini
492 4936 611 4998 librum
627 4923 784 5000 condidit,
798 4929 909 4985 contra
924 4915 1059 4998 ineptiae
1084 4911 1217 4973 loannis
1232 4910 1322 4973 Secti
1338 4911 1514 4991 inscripsit.
1541 4913 1716 4977 Gerbertus
1744 4932 1802 4979 scu

174 5064 324 5148 quisquis
340 5060 399 5125 iuil
415 5072 597 5138 arrcuymus
613 5051 670 5116 ille
684 5045 895 5119 Cellotianus,
911 5041 969 5122 qai
996 5035 1105 5100 seculo
1122 5036 1154 5099 X
1180 5035 1220 5098 de
1243 5032 1463 5098 controversia
1486 5034 1697 5097 Paschasiana
1724 5035 1802 5098 scri·v

174 5197 249 5272 psat,
267 5193 391 5252 ceteros
402 5182 469 5245 iere
486 5193 610 5250 ornnes,
626 5173 682 5255 qui
699 5186 739 5235 eo
751 5176 896 5248 tempore
919 5161 1018 5224 libros
1032 5157 1071 5222 de
1086 5174 1219 5238 corpore
1234 5163 1266 5220 et
1293 5154 1449 5233 sanguine
1464 5152 1595 5217 Domini
1616 5151 1800 5226 ediderunt,

175 5313 356 5380 enumerat,
372 5300 675 5365 nostrumlounnem
690 5293 819 5356 Scotum
833 5279 1071 5369 praetermittit.
1086 5278 1212 5341 Primus
1229 5276 1359 5341 demum
1374 5273 1585 5353 berengarius
1600 5274 1801 5338 Turonensis

173 5439 308 5504 loannis
324 5433 408 5498 Scoti
439 5430 479 5493 de
507 5414 704 5488 Eucharistia
729 5405 867 5484 librum,
890 5401 977 5470 unde
1006 5402 1078 5484 ipse
1106 5397 1319 5477 berengarius
1347 5398 1525 5479 pessimum
1547 5414 1688 5462 errorem
1704 5414 1801 5461 suum

176 5551 346 5626 hauserat,
372 5549 406 5612 in
432 5542 601 5609 bominum
630 5532 776 5600 notitiam
805 5523 968 5609 produxit
993 5523 1109 5586 Postea
1136 5520 1197 5584 sub
1224 5517 1355 5583 nomine
1377 5517 1514 5583 loannis
1530 5518 1665 5584 Scotiin
1689 5518 1802 5583 multis

176 5676 311 5760 synodis
325 5676 494 5740 damnatus
509 5676 557 5735 est
572 5669 664 5745 liber,
680 5660 877 5733 conscissus,
894 5661 926 5720 et
941 5651 1011 5733 igni
1031 5646 1244 5729 adjudicatus.
1269 5644 1356 5722 Quid
1370 5643 1491 5726 igitur?
1517 5641 1600 5726 llum
1626 5636 1743 5737 synodi
1767 5636 1802 5701 in

176 5798 299 5865 rorare
316 5797 409 5862 scoto
423 5793 624 5864 damnarunt,
642 5785 728 5870 quod
743 5781 846 5866 ipsius
861 5791 975 5847 reapse
990 5787 1056 5837 non
1072 5773 1139 5834 erat
1150 5773 1174 5834 p.
