3984 6534
280 392 353 461 isat

954 388 1098 449 Abtttaltt
1116 386 1219 447 Phl’AE
1240 384 1259 445 ll

1870 368 1930 431 llll

283 519 343 591 ejus
366 531 472 588 semper
493 513 614 588 Augusto
639 511 765 577 debetur,
792 509 891 582 spretis
910 505 1073 578 iuramentis
1086 509 1112 569 Α
1124 502 1258 559 laudanda
1270 499 1509 573 estplaneuestra
1534 499 1804 570 constantiaque,
1823 501 1923 559 suinon

284 612 394 676 iurasit,
418 619 447 666 ct
461 607 571 681 perjurii
590 607 684 663 incidit
697 603 821 662 crimen?
841 602 918 659 Unde
932 600 1010 655 ualde
1025 600 1077 653 riti-

284 720 386 769 ramur,
411 701 635 772 obstupescimus,
653 706 681 754 et
693 696 827 761 dolemus,
842 703 872 750 ut
887 694 910 749 si
931 707 980 747 uos
996 691 1074 746 tidem

284 796 324 853 illi
341 794 514 867 promisistis,
536 807 621 864 quare
643 790 823 858 vosmetipsos
845 785 957 857 perditis
974 791 1002 839 et
1023 796 1076 836 nou

284 902 347 944 cum
368 885 448 941 trtodo
462 883 641 957 suggerendo,
659 882 738 937 niodo
760 879 826 935 ittud
841 886 888 933 aut
903 876 968 931 illud
992 888 1076 945 eppo

283 978 383 1044 nendo,
399 988 429 1031 ut
440 976 585 1047 resipiscat
598 971 802 1030 circumvenitis
818 985 825 1024 ι
845 970 910 1040 quin
924 968 1015 1039 potius
1030 981 1076 1022 ro·

283 1067 542 1132 bisconseutiendo,
557 1074 585 1121 et
604 1064 641 1120 illi
665 1073 720 1119 tarn
743 1060 915 1118 detestabilia
936 1058 1074 1125 facienda,

284 1160 355 1232 quod
367 1159 451 1215 uestri
467 1173 520 1213 nou
535 1156 625 1213 fecere
639 1165 777 1228 parentes,
793 1154 947 1225 gehennam
960 1150 1075 1222 paratis.

284 1249 417 1307 Praefatus
443 1249 576 1321 siquidem
598 1248 757 1318 irruperator,
785 1255 892 1300 terrena
920 1257 1003 1313 regna
1023 1257 1076 1297 nou

283 1342 417 1406 ambiens,
444 1356 493 1411 pro
508 1339 669 1394 liberatione
690 1336 783 1407 populi
807 1334 854 1391 liei
870 1332 963 1389 multis
978 1331 1077 1387 labori-

282 1434 334 1492 bus
346 1433 485 1505 fatigatus,
500 1430 677 1502 triumphales
687 1431 715 1484 iu
728 1429 941 1484 sarracenorum
956 1424 1077 1480 cervices

282 1526 373 1598 potius
387 1540 494 1590 ranarius,
509 1537 590 1593 quam
612 1522 640 1576 in
663 1535 724 1600 eum
749 1533 863 1590 regnum
887 1531 967 1572 suum
981 1514 1077 1570 tolleu·

284 1625 339 1672 tem
352 1616 483 1672 extendit.
500 1614 597 1670 lledite
610 1627 675 1683 ergo
686 1611 720 1666 ad
735 1625 792 1672 uns,
805 1608 984 1672 dilectissimi,
1001 1616 1029 1662 et
1046 1615 1077 1663 ut

282 1707 348 1763 olim
371 1706 474 1762 foedera
499 1706 570 1760 inter
597 1704 732 1760 seniorem
760 1709 894 1766 restrum,
923 1701 1077 1770 fratresque

1127 596 1281 661 immernor,
1306 596 1385 652 fidem
1411 596 1576 665 promissam
1606 594 1713 649 merito
1735 594 1926 660 custodimus

1126 686 1200 743 uelut
1216 687 1301 743 frater
1314 695 1407 743 uester
1418 685 1540 753 Carolus,
1555 685 1678 741 alterius
1701 687 1783 756 regni
1793 685 1865 756 jura,
1881 688 1927 744 Ln-

1126 777 1207 832 tharii
1224 778 1359 848 quondam
1370 777 1476 833 scilicet
1488 777 1685 848 imperatoris,
1704 792 1771 846 quae
1781 776 1858 845 juxta
1868 780 1927 834 diri·

1126 884 1177 925 aas
1194 879 1275 939 atquc
1296 871 1430 926 humanas
1443 869 1517 941 leges
1543 871 1638 926 eidem
1660 870 1796 940 piissimo
1826 871 1929 940 inspera-

1127 962 1179 1017 tori
1195 961 1250 1017 filio
1266 962 1324 1032 eius
1338 962 1482 1029 debentur,
1500 977 1552 1018 uec
1563 962 1689 1026 invasit,
1703 976 1760 1016 nec
1776 965 1930 1032 concupiuit.

1126 1052 1180 1109 Pro
1192 1054 1291 1123 quibus
1314 1053 1418 1110 scilicet
1432 1055 1616 1125 iniquissimis
1637 1054 1770 1118 actibus,
1786 1070 1857 1124 quos
1870 1057 1932 1111 idciu

1126 1145 1251 1213 Carolus,
1267 1148 1322 1202 lieo
1335 1154 1502 1218 contempto,
1517 1148 1639 1218 peregit,
1657 1154 1691 1201 et
1705 1161 1760 1217 pro
1781 1146 1933 1216 juramentis

1127 1251 1368 1308 queecorrumpere
1381 1253 1435 1294 non
1447 1238 1608 1309 trepidavit,
1622 1237 1715 1294 ratde
1725 1240 1935 1308 obstupescimus

1127 1335 1155 1381 et
1175 1326 1315 1381 miramur.
1328 1326 1397 1394 Quia
1423 1335 1451 1383 ct
1474 1327 1600 1394 illorum,
1617 1343 1696 1398 quos
1712 1328 1832 1384 deviare
1846 1346 1933 1402 cogno·

1127 1421 1240 1485 scimus,
1256 1427 1359 1476 tanturn
1380 1421 1533 1475 animarum
1552 1421 1688 1490 pericula
1707 1422 1851 1490 genuimus
1864 1436 1888 1479 et
1900 1428 1935 1480 de

1127 1509 1227 1577 lemus,
1246 1521 1377 1582 quantum
1390 1527 1441 1583 pro
1451 1512 1583 1569 omuibus
1602 1512 1656 1578 illi,
1673 1513 1728 1584 qui
1744 1529 1799 1568 nos
1813 1530 1863 1570 suo
1876 1520 1935 1586 gregi

1127 1617 1245 1673 pracesse
1263 1605 1388 1676 diguatus
1407 1614 1459 1670 est,
1481 1606 1608 1662 rationes
1625 1621 1744 1676 ponere
1759 1607 1858 1676 procul
1872 1610 1937 1665 dubio

1128 1694 1332 1764 compellemur.
1349 1695 1544 1753 Verumtamen
1572 1698 1683 1753 missos
1700 1700 1798 1754 nostri
1822 1703 1938 1771 apostola

282 1797 366 1863 illius,
387 1813 449 1852 cum
460 1796 624 1866 juramentis
640 1795 742 1858 habita,
765 1793 813 1849 sed
836 1792 916 1847 modo
934 1801 1074 1863 corrupta,
1130 1796 1182 1854 tus,
1196 1803 1259 1843 cum
1270 1788 1393 1859 ejusdem
1416 1790 1549 1861 spiritalis
1567 1789 1619 1845 fatti
1636 1791 1739 1846 nostri
1753 1792 1869 1864 Augusti
1881 1794 1938 1866 lega-

283 1887 477 1952 reformentur,
493 1887 552 1941 sine
566 1885 766 1941 cessationibus
780 1884 910 1938 laborate.
923 1883 956 1939 m
973 1884 1073 1939 sicum
1091 1865 1175 1948 Bas,
1195 1892 1250 1938 mm
1273 1885 1306 1940 ad
1319 1899 1368 1941 ros
1380 1900 1461 1956 quam
1486 1883 1521 1940 ad
1541 1884 1684 1940 euindem
1717 1884 1862 1953 Caroluur,
1883 1890 1937 1943 sicu

283 1979 386 2037 saluum
412 1979 561 2034 consistere
584 1979 673 2041 uultis,
698 1986 728 2032 ut
753 1977 912 2049 regnijura
932 1976 1006 2032 adse
1022 1991 1078 2032 nou
1128 1989 1178 2030 uos
1188 1989 1274 2045 nuper
1288 1975 1379 2032 facere
1389 1976 1597 2048 proposuimus,
1612 1992 1688 2033 cece
1700 1977 1870 2035 direximus.
1882 1979 1939 2046 uuas

282 2072 447 2144 pertinentia
468 2070 582 2127 desistat
608 2071 747 2138 inuadere,
770 2078 921 2141 opportune
949 2069 1076 2126 insistite.
1129 2065 1244 2137 benigne
1260 2082 1293 2122 ac
1307 2066 1455 2123 honorilice
1469 2082 1520 2136 pro
1532 2082 1636 2123 amore
1651 2068 1856 2138 apostolorum
1869 2073 1940 2126 susci-

282 2163 377 2219 Alicna
399 2178 452 2218 nou
467 2163 652 2235 concupiscat,
667 2162 756 2218 aliena
775 2178 829 2218 lton
852 2161 951 2234 rapiat,
965 2170 992 2217 et
1006 2159 1079 2232 quod
1128 2157 1246 2227 pientes,
1262 2171 1357 2213 omues
1372 2157 1504 2214 utilitates
1514 2167 1542 2214 et
1555 2169 1736 2230 opportuna
1750 2161 1781 2216 in
1794 2177 1873 2233 opere
1883 2179 1940 2233 pra·

283 2254 398 2311 sibinen
409 2251 466 2309 uult
477 2253 545 2317 fleri,
558 2254 603 2308 alii
617 2269 729 2324 prorsus
742 2269 796 2309 uon
810 2253 901 2309 faciat.
913 2252 1080 2308 lierniuisca-
1130 2250 1200 2304 senti
1217 2251 1324 2321 negotia
1333 2265 1396 2305 cum
1406 2251 1612 2308 cistractetis:
1629 2261 1798 2322 quatenus,
1808 2256 1940 2326 hisprrac·

283 2354 327 2401 tur
342 2344 613 2416 Scripturacdicentis
626 2365 633 2400 :
645 2345 708 2401 Non
720 2345 888 2416 concupisces
899 2360 954 2400 rem
965 2346 1079 2415 proximi
1131 2340 1175 2406 tis,
1201 2341 1273 2396 sicut
1295 2356 1344 2398 uns
1369 2349 1397 2397 et
1419 2357 1492 2412 saepe
1512 2343 1609 2398 dictus
1627 2344 1792 2416 Augustus
1805 2361 1938 2417 speramus,

283 2437 323 2492 tui
332 2434 431 2509 (Esou.
447 2438 505 2506 xx).
519 2437 553 2491 Et
566 2452 674 2492 rursum
687 2456 695 2492 ι
709 2434 806 2492 Omnia
820 2451 981 2508 quecunque
999 2438 1079 2492 uultis
1130 2432 1212 2495 iidem
1227 2430 1305 2487 missi
1319 2431 1389 2487 salvi
1403 2441 1486 2502 atque
1512 2433 1568 2490 illae
1584 2434 1609 2490 si
1631 2451 1693 2505 per
1708 2447 1837 2494 vestrum
1853 2442 1941 2511 arljutu

283 2533 312 2577 st
333 2522 434 2593 fuciunt
462 2523 533 2577 uobis
557 2523 685 2588 homiues,
709 2523 801 2577 eudem
822 2530 846 2576 ct
867 2538 910 2577 uos
931 2521 1009 2591 facite
1025 2522 1078 2579 iliis
1130 2521 1212 2589 rium,
1236 2522 1271 2577 ad
1292 2523 1452 2593 praedictum
1474 2539 1582 2596 regem,
1597 2526 1677 2581 duce
1696 2526 1773 2595 Deo,
1788 2532 1939 2600 perueniant,

285 2611 392 2685 filforth.
413 2611 472 2685 aar).
499 2611 558 2668 Non
583 2612 655 2668 enim
671 2621 775 2667 taritum
792 2626 905 2684 regnum
928 2613 1080 2684 cuicunque
1131 2614 1412 2686 ctregrcdiualeant.
1432 2612 1492 2671 laun
1510 2631 1578 2672 vcro
1608 2618 1633 2673 si
1660 2619 1747 2674 idern
1768 2636 1819 2675 rex
1839 2623 1941 2677 abiura-

284 2704 494 2775 nugmentamlo,
508 2719 591 2776 quam
604 2703 740 2774 justitiam
759 2704 934 2775 acquirendo,
950 2705 1002 2761 ista
1018 2721 1080 2777 pro·
1131 2709 1207 2765 sione
1218 2708 1264 2764 illa
1277 2711 1435 2778 cessaverit,
1454 2719 1482 2767 et
1504 2727 1561 2768 suaa
1574 2716 1735 2785 tyrannidi
1748 2720 1875 2785 cesserit,
1888 2735 1939 2776 erre

284 2796 434 2865 sequimur,
450 2804 477 2850 et
503 2812 538 2853 ue
557 2797 619 2868 quis
633 2812 683 2867 pro
697 2797 839 2869 tentporali
859 2813 973 2870 regnum
984 2800 1080 2870 perdat
1131 2798 1209 2855 berte.
1231 2798 1279 2855 Sin
1292 2811 1395 2868 autem,
1415 2803 1511 2860 scitote
1526 2806 1595 2875 quia
1609 2821 1667 2876 per
1692 2824 1752 2865 nas
1767 2809 1832 2865 illuc
1844 2812 1937 2866 inerre-

284 2896 439 2955 aeternuur,
460 2904 515 2967 nnn
543 2889 662 2945 irnlehitc
687 2898 884 2947 contestamur.
909 2889 986 2966 Quud
1013 2891 1036 2947 si
1052 2899 1081 2947 et
1131 2890 1223 2948 uicudi
1238 2892 1464 2961 accelerabimus,
1475 2904 1503 2951 et
1516 2895 1634 2954 velutin
1647 2910 1880 2976 contemptorem
1894 2905 1940 2969 Dei,

285 2998 357 3038 nuuc
371 2982 415 3037 his
438 2983 594 3040 salubribus
618 2985 719 3040 uostris
740 2984 976 3041 exhortationibus
999 2994 1081 3056 atque
1132 2997 1163 3038 ac
1177 2983 1388 3052 apostolicarum
1402 2987 1598 3055 monitionum,
1615 2991 1769 3050 ultionem
1782 2996 1898 3052 debitam
1910 2999 1940 3052 in·

285 3073 481 3130 monitionibus
503 3083 558 3130 tarn
576 3075 724 3147 jamfetus
745 3091 805 3142 rex,
820 3091 902 3148 quarn
918 3092 966 3135 vos
983 3092 1081 3148 parere
1132 3071 1271 3130 feremus:
1297 3091 1331 3132 ne
1350 3077 1428 3133 nohis
1441 3077 1606 3148 imputetur,
1629 3083 1655 3137 si
1681 3083 1734 3140 ille
1751 3086 1941 3158 impuuitusrc·

285 3166 520 3236 contenrpseritis;
545 3167 642 3222 scitote
667 3167 731 3238 quia
749 3166 822 3223 ducti
838 3176 952 3238 paterno
966 3167 1076 3238 aflectu,

285 3252 540 3327 ferventissimoque
564 3256 623 3312 zelo
636 3257 765 3328 justitiae,
780 3260 884 3325 statim,
898 3259 1007 3317 Christo
1018 3262 1077 3332 opi·

286 3345 354 3414 flce,
375 3357 467 3417 partos
486 3347 545 3404 illas
563 3349 776 3420 penetrabimus,
793 3360 822 3405 et
838 3350 866 3405 in
879 3359 1082 3422 contemptores

286 3438 396 3508 dignam
427 3440 551 3496 dabimus
582 3441 724 3498 ultionem.
751 3443 893 3500 Postremo
918 3461 1082 3518 magnopere

286 3544 500 3595 commonemus,
515 3539 546 3585 ut
570 3532 619 3587 hos
638 3533 805 3602 apostolatus
826 3537 912 3591 uestri
933 3539 1082 3609 praecipuos

287 3621 396 3687 missos,
409 3619 541 3678 loannem
557 3623 692 3690 uidelicet,
710 3635 763 3680 etc.
776 3643 783 3692 ;
798 3644 882 3697 usque
900 3631 934 3682 ori
945 3632 1035 3698 tinent,
1053 3642 1082 3686 ut

286 3712 315 3767 iu
327 3712 436 3782 epistola
456 3714 492 3768 25
511 3715 545 3769 ud
563 3717 706 3785 episcopos.
719 3714 850 3786 Optamus
862 3718 1024 3775 iudustriam
1037 3738 1082 3777 ue·

287 3810 371 3858 stram
387 3805 414 3859 iu
429 3805 539 3862 Cluisto
548 3807 617 3863 heuc
628 3807 726 3864 ualere.
749 3808 817 3864 llata
830 3825 846 3864 ι
859 3809 994 3869 llalcudas
1006 3810 1080 3880 lulli,

288 3893 435 3952 indictione
448 3913 488 3953 ιιι.

622 3990 740 4047 lle'lll.

445 4098 479 4137 un
490 4098 643 4142 uruotrcuu
659 4100 747 4141 ncoau
761 4101 917 4144 assumtae.

595 4193 770 4268 (hratr0870.)

264 4316 266 4320 ’
289 4304 460 4362 Commendat
483 4306 582 4380 lcqotoa
605 4324 677 4368 siros,
705 4318 729 4361 ct
753 4307 879 4363 badonici
904 4310 1082 4381 imperatoris,

324 4390 429 4449 propter
443 4376 562 4432 Latiturft'
575 4394 683 4448 reparatur
701 4395 717 4430 u
731 4377 827 4432 Curufo
839 4381 960 4434 inausum
976 4384 1081 4438 ntissos.

325 4447 483 4517 Episcopum
510 4447 626 4504 caturia
647 4446 704 4504 siue
720 4466 767 4503 erro
791 4451 913 4505 corssultu
930 4452 1082 4508 ordinatum

324 4518 406 4590 fuisse
417 4521 595 4590 conqueritur.

323 4636 462 4692 Anninuus
476 4637 629 4708 episcopus,
643 4651 738 4692 seruus
756 4651 898 4692 serrorum
911 4635 970 4705 Dei,
985 4639 1084 4697 dilecto

290 4725 345 4780 filio
365 4726 499 4784 Luuovrco
513 4727 630 4800 glorioso
644 4729 710 4799 regi.

326 4820 403 4876 Sicut
415 4836 485 4888 saupe
500 4838 548 4891 per
562 4823 658 4878 missos
670 4833 696 4877 ct
706 4824 835 4894 epistolas
852 4835 958 4881 vestras
977 4841 1084 4896 corripe

291 4917 386 4979 rimus,
403 4915 435 4968 dc
449 4916 611 4971 exaltatione
625 4918 721 4972 triatris
733 4926 830 4974 restrae
844 4920 973 4975 Romanae
988 4921 1084 4976 Eccle-

290 5007 558 5079 siaejucundarniui‚
584 5018 611 5061 et
638 5023 699 5061 cunr
722 5011 885 5066 charissimo
910 5010 966 5066 illio
993 5020 1086 5067 nostro

291 5101 400 5157 dotiiiuo
413 5099 549 5154 leudorico
568 5099 690 5171 Augusto
700 5115 809 5155 aurarem
823 5102 1007 5165 concordiam,
1024 5117 1083 5157 oin·

292 5210 407 5266 riciuque
426 5194 502 5265 pacis
519 5193 690 5250 dilectionem
705 5205 733 5251 et
748 5195 810 5250 hilei
830 5195 986 5267 possidetis,
1001 5206 1028 5252 et
1043 5198 1084 5252 iu-

292 5287 452 5351 suluhilitcr,
472 5287 701 5358 qucruadruodum
717 5287 787 5344 idem
799 5289 989 5346 serenissimus
1002 5289 1085 5360 impe

294 5389 368 5433 rator
382 5378 459 5434 nobis
474 5380 602 5446 introtuit,
617 5395 666 5435 vos
685 5380 802 5436 retinere
826 5381 917 5437 ritultis
930 5397 1022 5437 coram
1035 5397 1084 5454 po·

294 5470 354 5525 sitis
368 5472 541 5539 profitemini.
567 5473 643 5529 Unde
669 5473 793 5544 gloriosae
816 5483 916 5530 vestra:
942 5474 1084 5531 serenitati

295 5561 438 5617 nonnullas
450 5574 540 5632 grates
563 5563 714 5631 referimus,
733 5575 760 5620 et
783 5575 812 5620 ut
836 5567 863 5621 iu
886 5568 983 5637 coeptis
1007 5567 1087 5623 honis

295 5658 486 5727 perscrutatis,
507 5659 662 5729 apostolicis
686 5658 823 5727 affatibus,
849 5661 886 5717 fili
913 5663 1084 5727 charissime,

297 5745 461 5805 incitamus:
483 5752 610 5821 quoniam
632 5754 848 5824 scriptumest:
869 5757 920 5824 Qut
941 5773 1088 5829 perseuera-

297 5842 361 5897 uerit
374 5841 487 5912 usquein
499 5841 589 5912 fittetu,
602 5844 644 5899 hic
662 5844 750 5901 sulcus
760 5850 809 5902 crit
821 5849 928 5920 (llutth.
939 5849 979 5922 s).
994 5850 1048 5908 sed
1060 5859 1088 5909 et

1133 3165 1275 3231 manserit,
1289 3175 1318 3222 et
1330 3167 1354 3222 si
1366 3182 1425 3223 sea
1447 3170 1540 3240 pravis
1553 3171 1688 3238 actibus,
1705 3177 1846 3248 perjuriis
1855 3179 1941 3234 scilicet

1133 3271 1166 3312 ac
1176 3257 1415 3329 concupiscentiis,
1431 3261 1546 3332 aliisque
1562 3263 1706 3322 nefandis
1733 3270 1888 3326 sceleribus
1897 3288 1938 3326 nnn

1132 3353 1261 3418 correxit,
1286 3361 1416 3411 venturus
1434 3353 1518 3424 judex
1542 3372 1610 3413 eum
1635 3361 1674 3417 dc
1700 3367 1838 3421 manibus
1856 3368 1941 3421 nostris

1132 3444 1264 3514 requirat,
1280 3454 1308 3502 et
1326 3462 1375 3518 pro
1391 3448 1492 3504 desidia
1511 3451 1617 3506 merito
1640 3459 1852 3526 reprehendat.
1872 3460 1938 3515 llira·

1131 3546 1337 3607 murpraeterea
1350 3539 1463 3609 gloriam
1486 3549 1609 3597 vestram
1635 3545 1667 3599 in
1698 3549 1939 3620 praeficienducpi·

1132 3643 1216 3698 scopo
1228 3630 1384 3700 Agrippina
1408 3631 1528 3688 Coloniae
1549 3643 1609 3690 tatu
1626 3637 1795 3698 indiscrete
1808 3645 1941 3714 praebuisse

1133 3734 1295 3776 consensum
1318 3739 1325 3776 ε
1343 3738 1405 3778 eum
1417 3724 1624 3781 evidentissime.
1638 3730 1739 3786 scires
1755 3735 1834 3804 quod
1852 3746 1942 3805 aposto

1133 3814 1192 3871 lieu
1215 3816 1288 3871 sedis
1308 3816 1412 3887 judicio
1436 3827 1517 3889 atque
1535 3821 1670 3877 consultu
1697 3826 1809 3882 ibidem
1834 3831 1940 3885 debuerit

1133 3904 1252 3959 ordinari
1265 3907 1388 3973 antistes,
1406 3907 1484 3977 cujus
1499 3924 1619 3966 censura
1637 3929 1737 3984 nuper
1757 3917 1940 3974 fueratcaden

1133 3993 1256 4051 Ecclesia
1279 4013 1329 4054 suo
1349 3999 1454 4069 privata
1472 4009 1591 4056 rectore.
1614 4002 1651 4058 Ει
1665 4008 1790 4077 quidem
1811 4014 1881 4081 quod
1894 4020 1941 4082 pust

1132 4085 1263 4157 judicium
1284 4090 1356 4146 sedis
1377 4091 1532 4163 apostolicae
1550 4092 1659 4150 factum
1675 4109 1735 4166 est,
1750 4102 1940 4174 duresuscepi-

1134 4193 1196 4234 mus
1211 4197 1217 4233 :
1239 4181 1288 4243 sed
1302 4182 1373 4251 quod
1388 4190 1432 4237 tua
1446 4198 1528 4254 super
1543 4184 1597 4240 hoc
1620 4187 1757 4258 devotio,
1779 4210 1863 4264 quam
1881 4194 1940 4249 circa

1134 4286 1184 4328 uos
1196 4273 1299 4329 hahere
1313 4274 1449 4343 probaris,
1465 4275 1635 4333 omnimodis
1647 4284 1754 4350 tacuit,
1771 4286 1869 4342 durius
1882 4287 1941 4342 asti·

1134 4377 1251 4418 mamus.
1279 4364 1418 4436 Praecipue
1445 4368 1508 4436 quia
1533 4367 1687 4427 Guutbarii
1720 4376 1830 4433 dudum
1863 4380 1940 4433 amhi·

1136 4454 1256 4525 episcopi
1271 4470 1393 4523 caussam,
1408 4468 1552 4530 antequam
1566 4460 1594 4515 iu
1610 4461 1710 4520 locum
1720 4467 1798 4526 illius
1811 4471 1941 4526 substitue

1098 4555 1212 4636 Drctur
1235 4547 1389 4618 episcopus,
1410 4565 1460 4606 tros
1485 4551 1585 4607 iterum
1608 4557 1785 4626 audituros,
1815 4573 1843 4617 ct
1860 4577 1939 4617 recen

1137 4634 1196 4705 ejus
1207 4635 1373 4701 admissuros
1388 4637 1448 4696 fore
1458 4642 1667 4710 spopondimus.
1682 4646 1842 4706 Praefatam
1856 4652 1940 4721 quippe

1136 4731 1333 4787 ordinationem
1363 4748 1413 4789 nec
1433 4735 1641 4802 confirmamus,
1664 4755 1723 4796 uec
1739 4753 1833 4799 ratam
1850 4746 1938 4799 hahere

1137 4825 1319 4892 decernimus,
1333 4841 1475 4899 quousque
1489 4828 1533 4883 ille
1543 4829 1589 4898 qui
1605 4832 1762 4891 ordinatus
1777 4848 1832 4904 est,
1850 4851 1937 4895 nestra

1137 4916 1298 4971 exhiheatur
1313 4918 1473 4985 praesentiae,
1485 4927 1512 4973 ct
1526 4928 1644 4990 ultraque
1666 4938 1739 4991 pars
1756 4942 1854 4982 coram
1873 4927 1939 4982 nohis

1139 5006 1273 5072 discussa,
1297 5016 1447 5064 reinventus
1470 5009 1608 5081 synodalis
1624 5016 1824 5082 perpendatur
1840 5019 1938 5072 audieu-

1138 5100 1185 5155 tia.
1200 5100 1340 5155 Postremo
1354 5115 1517 5172 magnopere
1530 5117 1758 5172 commonemus,
1774 5118 1805 5162 ut
1818 5110 1868 5164 lius
1883 5126 1937 5177 apo

1137 5190 1253 5246 stolatus
1267 5190 1351 5244 nostri
1366 5191 1516 5260 praecipuos
1530 5191 1639 5258 missos,
1652 5190 1798 5252 loannem
1811 5200 1936 5256 uidelicet.

1138 5294 1218 5357 atque
1228 5286 1348 5353 Petrum,
1364 5300 1411 5342 seu
1426 5285 1599 5352 Wibbodum,
1613 5295 1642 5342 et
1655 5285 1809 5359 loannem,
1823 5310 1936 5349 reuereri·

1139 5380 1188 5435 dos
1201 5379 1352 5449 episcopos,
1368 5393 1419 5434 uec
1437 5394 1489 5433 non
1513 5387 1540 5434 ct
1564 5379 1680 5434 Petrum
1706 5385 1869 5456 religiosum
1882 5402 1937 5455 pre·

1139 5474 1278 5544 shyterum
1292 5472 1412 5530 cardinis
1431 5472 1529 5540 nostri,
1553 5472 1748 5547 dilectumque
1767 5491 1890 5535 nostrum
1904 5479 1937 5532 fa·

1139 5566 1285 5630 rniliarern,
1301 5580 1349 5636 pro
1365 5565 1516 5637 principum
1540 5567 1733 5635 apostolorum
1760 5575 1795 5626 ah
1820 5572 1937 5626 omnihus

1139 5657 1307 5730 pracferenda
1325 5660 1476 5715 reverentia
1500 5666 1527 5714 et
1550 5674 1658 5728 amore,
1679 5661 1936 5736 benignesuscipia·

1141 5755 1185 5819 tis,
1203 5763 1230 5810 ct
1245 5763 1337 5824 utpote
1358 5771 1372 5809 a
1398 5762 1472 5810 tanta
1492 5755 1556 5810 sede
1569 5754 1726 5827 digressos,
1740 5759 1936 5815 lauiiurificcrc·

1140 5858 1233 5922 ceptos
1249 5848 1355 5906 colatis.
1371 5849 1439 5922 lpsis
1450 5848 1524 5907 cuim
1539 5863 1600 5921 quae
1613 5850 1717 5924 pagina
1731 5854 1855 5926 reticuit,
1866 5851 1935 5910 robis
