3984 6534
665 415 667 419 ’
736 463 943 528 munusue.
1613 476 1691 532 arra·

155 591 213 636 tero
227 577 347 635 medium
360 582 389 636 et
401 586 496 639 nostro
506 578 669 653 pendentem
684 579 798 638 armtrlo
812 588 841 638 et
852 584 880 647 Α
891 577 1016 660 fortassis
1028 577 1097 639 lucri
1121 579 1184 647 erit,
1198 581 1240 638 ad·
1249 580 1355 655 seipsos
1372 593 1459 655 aeque
1472 581 1698 662 ratiocinantes..¹⁴

156 677 184 740 et
197 684 247 740 per
266 668 386 742 seipsum
407 669 538 727 extremis
557 670 668 743 proprie
686 669 740 728 dici
759 684 839 741 prae·
891 667 1035 736 dicebant,
1059 682 1114 725 non
1139 682 1156 724 a
1179 668 1269 740 seipso
1291 669 1418 734 existenti
1451 673 1555 742 musali
1579 676 1614 749 ad
1637 691 1684 733 ses

155 773 184 823 a,
199 766 228 815 et
241 772 274 815 eo
285 758 398 818 abseme
411 759 523 817 abusive
536 759 577 817 eis
591 761 672 839 etiam
694 760 838 833 appellatio
891 756 989 826 ipsum,
1010 766 1059 813 aut
1076 756 1150 812 aliud
1169 757 1235 826 quid
1244 765 1353 834 praeter
1371 757 1457 814 Deum
1475 769 1558 828 motu,
1573 764 1681 841 quaudo

155 847 233 915 uitur,
246 848 311 904 illud
324 849 393 907 bene
408 863 461 905 non
471 849 634 907 habentibus
649 849 837 922 conjunctum,
891 849 918 904 in
934 848 1066 916 rationem
1085 848 1170 919 ipsius
1183 863 1244 905 esse
1259 849 1326 904 nibil
1344 849 1455 906 sibimet
1477 866 1493 907 a
1512 852 1618 923 seipso,
1634 864 1684 920 aut

158 947 252 1010 terque
264 954 345 1013 posse
358 941 454 998 adesse
466 942 506 999 eis
520 950 548 998 et
561 942 711 1012 custodiri,¹
725 958 794 1015 qnae
809 945 837 999 iu
890 940 925 995 ab
937 938 989 995 alio
1003 940 1120 1010 quodam
1135 947 1244 1009 praeter
1255 940 1339 995 Deum
1352 940 1493 1013 acquirere
1505 944 1614 1021 poterit.
1628 943 1682 1018 Per

155 1031 177 1088 is
189 1039 249 1098 est,
262 1033 423 1099 veritatem,
443 1047 526 1104 quam
544 1032 635 1090 iacere
655 1034 795 1091 consueuit
810 1034 836 1091 id
890 1033 942 1089 lroc
956 1032 1076 1087 animum
1091 1031 1201 1102 quidem
1217 1030 1290 1099 circa
1309 1030 1395 1087 nilum
1418 1031 1503 1089 licum
1521 1041 1549 1100 et
1565 1035 1690 1098 uirtutes·

155 1123 254 1180 ttbeue
267 1138 329 1180 csse
340 1136 389 1194 per
401 1123 519 1180 medium
531 1124 662 1181 extremis
674 1124 835 1192 admixtum,
889 1121 949 1191 ejus
969 1120 1097 1199 intelligi,
1120 1129 1147 1175 et
1167 1118 1295 1177 ineffabili
1313 1119 1415 1190 gloriae
1429 1120 1604 1193 beatitudinis
1622 1121 1681 1202 qus

155 1227 179 1268 tr
194 1213 253 1282 ipso
267 1213 402 1278 adlteunr
412 1200 524 1284 ‘semper
537 1222 610 1270 motu
625 1213 834 1280 intellexerunt,
889 1213 997 1280 addici,
1022 1200 1157 1269 rationem
1183 1226 1249 1268 tero
1271 1213 1448 1283 interpretem
1471 1212 1680 1285 intelligibilium

155 1315 216 1373 ceps
239 1302 356 1357 naturali
379 1303 486 1360 ratione
508 1303 573 1359 ltine
594 1304 835 1376 contemplativum
889 1304 1009 1370 llari..et
1021 1302 1213 1368 laudatricem,
1230 1312 1259 1360 ct
1274 1303 1308 1359 ad
1323 1319 1355 1360 ea
1369 1304 1484 1362 unillcos
1496 1314 1571 1375 necte
1589 1307 1681 1380 dispu-

166 1390 357 1457 estcndentes,
374 1399 402 1447 et
417 1392 496 1461 modo
511 1392 628 1462 quodam
641 1408 696 1450 nun
709 1403 834 1464 oportere
888 1404 948 1452 tare
960 1395 1072 1462 modos,
1088 1411 1200 1453 sensnm
1216 1411 1283 1454 uero
1296 1412 1347 1470 per
1360 1399 1495 1463 ratiotrent
1508 1399 1680 1456 nobilitatum

155 1479 261 1536 tibiliter
275 1481 312 1535 uti
327 1481 495 1539 naturalibus
507 1483 709 1555 operationibus
724 1493 834 1556 propter
888 1485 961 1556 ipsas
975 1485 1003 1551 in
1016 1484 1144 1541 uniuerso
1157 1484 1313 1543 differentes
1326 1487 1440 1544 virtutos
1460 1497 1489 1556 et
1506 1489 1681 1560 operationes

155 1581 216 1628 rtem
244 1575 399 1630 necessario
424 1577 627 1647 corruptionem
641 1616 650 1643 ,
675 1591 708 1634 eo
732 1577 831 1644 modo,
886 1573 1082 1645 imaginantem
1099 1572 1127 1629 in
1140 1573 1198 1641 luis,
1214 1586 1285 1644 qnae
1297 1584 1379 1643 sunt,
1396 1587 1526 1646 parantum
1539 1577 1683 1648 possibile,

155 1700 157 1712 .
177 1674 226 1731 per
248 1662 407 1720 abusionem
426 1664 597 1722 naturalibus
612 1666 759 1737 potentiis,
773 1668 832 1738 ipsa
886 1673 929 1722 est
942 1665 1050 1721 animae
1067 1665 1237 1723 annunciare
1255 1665 1377 1730 rationes
1392 1667 1522 1726 ducentes
1535 1680 1565 1734 ι,
1582 1675 1611 1725 ct
1627 1683 1681 1742 ,per

155 1758 209 1806 ente
227 1752 333 1809 ratione
351 1761 447 1824 aperte
466 1754 627 1823 audientes,
641 1770 675 1813 ae
691 1755 772 1826 plane
783 1772 832 1827 per
885 1754 1007 1809 animum
1020 1761 1048 1810 ct
1061 1753 1198 1815 rationem
1210 1753 1295 1810 veluti
1308 1755 1398 1810 navim
1411 1754 1550 1827 sapienter
1560 1755 1680 1823 animam

157 1855 184 1895 m
196 1850 309 1897 naturae
324 1843 457 1900 rationem
471 1844 506 1900 ad
527 1843 612 1914 ipsius
633 1859 743 1902 canmm
763 1844 830 1902 serni
885 1843 1079 1914 gubernantes,
1092 1843 1225 1902 lubricam
1240 1844 1312 1915 hanc
1323 1853 1352 1902 et
1365 1845 1520 1902 instabilem
1530 1846 1595 1904 etin
1607 1845 1680 1921 abuti

155 1938 208 1995 rnt,
225 1937 271 1995 ut,
284 1930 356 1986 unde
368 1930 526 2002 simpliciter
538 1933 579 1990 eis
594 1940 708 1991 estesse
726 1941 754 1992 et
767 1947 831 1991 rere
846 1931 961 1998 Baliter
985 1933 1121 2001 terentem
1144 1941 1173 1992 et
1203 1948 1313 2007 sensnm
1337 1935 1485 2009 agitantem
1509 1937 1581 1994 uitas
1605 1936 1678 1994 niam

155 2020 311 2092 guaudoque
334 2020 470 2093 adjectum
495 2023 641 2096 accipiant.
667 2024 739 2094 outo
762 2025 859 2097 euim,
889 2024 969 2090 siccis
983 2024 1349 2113 pertransieruntuestigiis.

727 2175 729 2179 -
795 2132 920 2192 notan.

155 2217 214 2275 ilem
229 2221 333 2278 docent.
349 2219 453 2280 Graece
466 2222 622 2300 διδάξαιτις.
1026 2221 1031 2230 ’

447 2496 453 2512 ’
502 2551 903 2733 sonneras
920 2716 925 2725 ⁸
940 2552 1199 2728 secur

713 2759 1012 2880 tunsus,
1116 2891 1119 2899 ,

713 2948 820 3052 suo
833 2971 867 3050 T
880 2971 946 3051 ro
988 2973 1008 3052 1

536 3125 655 3188 urum
673 3077 1168 3227 tnn'suuuuuunruonuul

155 3288 183 3348 ts
195 3284 361 3346 turnum
380 3273 671 3346 sauruuutssr'ur
690 3286 738 3342 an
750 3278 927 3344 canonum
942 3268 1094 3341 canton
1110 3259 1249 3347 il'trun
1270 3284 1473 3346 tuuouumr
1489 3290 1547 3348 ιιιι
1564 3290 1684 3355 cutus

555 3376 654 3436 auus
671 3376 763 3434 rum
780 3358 944 3434 elnotus
966 3375 1158 3436 uacuum.

155 3532 374 3587 eustominus
387 3531 473 3584 seer
493 3530 534 3583 net
555 3528 588 3581 ιιι
600 3530 641 3583 en.
655 3528 692 3580 aa
710 3527 751 3581 uo
771 3526 941 3583 antenore.
953 3527 1146 3591 ructuant,
1164 3543 1189 3593 ρ.
1206 3530 1384 3597 rasennam
1433 3539 1577 3599 mannent
1599 3508 1671 3594 men

284 3596 375 3647 cotton
387 3593 528 3645 christinae
540 3592 610 3654 tuat,
622 3591 663 3643 lot.
675 3542 756 3655 sios,
771 3590 891 3680 ciusdem,
901 3593 997 3654 opinor,
1009 3603 1060 3655 qao
1086 3590 1134 3642 llai
1151 3593 1277 3655 utebatur,
1289 3548 1433 3658 remguffl‘

419 3735 441 3790 p„
481 3778 483 3781 ,
840 3735 865 3798 c
932 3730 1010 3789 Nunc
1022 3730 1106 3805 igitur
1121 3730 1224 3790 Christi
1238 3734 1378 3793 uideamus
1392 3753 1501 3817 summa
1516 3749 1638 3816 tropaea,

278 3826 319 3883 p,
328 3825 432 3883 ggfpgo
443 3823 579 3894 crucifixa,
956 3820 1004 3878 Ac
1014 3829 1127 3891 nostrae
1141 3823 1240 3881 mentis
1252 3825 1341 3882 sidera
1354 3830 1510 3903 perspicua,
1627 3894 1630 3900 .

155 3901 215 3976 'enus
229 3917 371 3987 'fameque
380 3930 444 3971 suos
457 3922 581 3971 cautam
593 3912 737 3981 llomerus,
931 3911 1002 3970 Ecce
1014 3912 1104 3983 erucis
1122 3913 1226 3986 lignum
1241 3915 1405 3985 quadratum
1425 3923 1547 3981 continet
1567 3928 1673 3997 orbem,

155 4007 285 4066 omuleam
298 4005 403 4079 prolem
415 3988 532 4059 tinxerat
543 4003 600 4074 lpse
613 4001 697 4059 llaro.
877 4004 914 4060 2⁰
966 4006 996 4081 ln
1005 4006 1209 4077 qaopentebat
1220 4014 1317 4077 sponte
1328 4023 1378 4065 sua
1389 4009 1531 4086 Dominus,

155 4117 184 4159 us
196 4101 363 4172 caeligenum
376 4095 449 4170 regis
460 4095 506 4169 pia
519 4094 590 4151 iacta
603 4109 743 4160 canamus,
929 4095 964 4150 Et
980 4093 1097 4165 terbum
1117 4093 1208 4153 Patris
1221 4093 1361 4168 dignatum
1375 4114 1484 4175 sumere
1497 4098 1609 4163 carnem

155 4194 259 4251 mtinuo
271 4206 353 4250 cursu
365 4203 447 4261 quern
460 4187 536 4245 canit
546 4185 621 4242 orbis
634 4201 728 4242 ouans.
967 4184 998 4242 ln
1009 4199 1064 4257 qua
1075 4186 1216 4256 pronubis
1226 4187 1315 4244 bootia
1327 4197 1405 4261 grata
1416 4190 1477 4262 ipit.

156 4282 253 4340 uram,
263 4281 387 4337 flammas
398 4277 555 4348 subitasque
567 4275 670 4342 ruinas,
928 4274 1026 4347 Aspice
1037 4268 1178 4334 contosias
1188 4277 1294 4348 palmas
1308 4280 1491 4356 numerosque
1503 4288 1649 4361 pedesque,

155 4374 320 4445 „josumque
333 4367 444 4447 μάχῳ
457 4367 548 4424 grem
559 4364 639 4423 ludus
652 4372 721 4422 arna.
968 4360 1112 4433 spinarum
1124 4364 1215 4422 serto*
1227 4373 1348 4438 tempora
1359 4370 1448 4428 cincta
1461 4372 1529 4431 iero.

155 4461 230 4519 uobis
242 4459 380 4515 Christum
395 4455 500 4513 deuicto
510 4452 632 4525 principe
645 4453 738 4509 muudi
877 4451 913 4509 25
931 4452 960 4508 ln
975 4454 1065 4511 medio
1078 4453 1173 4513 lateris
1188 4466 1313 4514 reserato
1326 4459 1403 4518 lontc
1415 4464 1511 4522 salutis
1580 4505 1584 4513 -

155 4552 260 4624 inguine
271 4549 411 4622 pertusum
423 4545 538 4619 psallere
554 4544 632 4602 dulce
647 4554 737 4602 sonat.
966 4549 1068 4608 vitales
1079 4549 1193 4609 baasam
1212 4554 1323 4624 sanguis
1337 4563 1365 4612 et
1379 4558 1450 4616 unda
1464 4558 1560 4625 fluunt.
1621 4594 1625 4600 ·

160 4643 312 4714 composito
323 4641 391 4698 talso
402 4640 452 4697 sub
464 4639 583 4709 imagine
594 4639 651 4696 ueri
931 4639 1010 4698 Unda
1023 4641 1095 4710 lauat
1110 4650 1196 4699 totum
1213 4645 1301 4712 ueteri
1322 4649 1481 4726 peccamine
1495 4652 1634 4721 mundum,
1653 4668 1657 4674 ·

155 4734 226 4791 ,ltere
236 4732 360 4790 madenti
374 4731 499 4788 versibus
513 4729 652 4787 Arcadias.
967 4729 1084 4811 Sanguis
1098 4732 1228 4789 mortales
1249 4749 1300 4792 nos
1313 4734 1454 4807 lacitesse
1472 4741 1548 4810 deos.

156 4840 172 4880 s
190 4823 317 4879 uirtutem
332 4812 421 4878 Patris
434 4834 584 4891 veramque
597 4820 720 4890 saptiam
931 4819 1012 4875 binos
1024 4819 1092 4892 adde
1106 4835 1168 4878 reos
1179 4821 1328 4893 pendentes
1339 4826 1438 4895 arbore
1448 4828 1529 4898 bina;

155 4913 288 4984 ymnizare
301 4911 366 4968 licet
377 4909 503 4967 laudibus
514 4907 632 4975 eximiis.
878 4908 913 4964 5⁰
964 4906 1018 4962 Par
1031 4905 1119 4963 iuerat
1132 4909 1271 4980 meritum,
1286 4913 1374 4985 gratia
1392 4915 1486 4988 dispar
1497 4918 1560 4975 erit.

155 5004 241 5060 rrum·
255 5011 364 5069 angus,
376 5001 454 5058 ludos
468 5007 634 5077 satyrasque
645 4999 771 5072 loquaces
929 4994 1005 5074 Unus
1014 5012 1076 5053 cour
1090 4997 1198 5055 Christo
1212 5001 1330 5078 paradisi
1340 5002 1434 5060 limina
1449 5007 1527 5074 vidit,

155 5094 193 5152 sis
204 5110 270 5151 usus
281 5102 341 5170 mg
354 5091 482 5165 plaudere
493 5104 542 5162 peg-
552 5090 674 5163 populng,
841 5076 865 5136 D
961 5085 1041 5164 ᾼΙῑθῗ
1053 5087 1216 5159 ΜΙΡῙΙΠΙῊΘ
1234 5104 1341 5150 mentis
1354 5093 1381 5151 in
1396 5095 1450 5152 ima
1465 5096 1583 5174 stygiS'·
1658 5157 1662 5166 ,

155 5197 165 5238 a
185 5182 378 5254 prophetarum
396 5179 475 5235 nobis
497 5178 678 5236 modulamine
694 5180 808 5251 pulchro
928 5176 1045 5250 &lintis
1059 5178 1124 5236 solis
1138 5180 1217 5238 lunae
1231 5182 1371 5242 redeuntis
1384 5202 1434 5243 000

155 5285 250 5328 rnsona
263 5272 413 5343 procedunt
425 5268 562 5336 cordibus,
576 5283 635 5335 ore,
650 5270 711 5327 ilde.
926 5267 929 5273 ’
967 5270 1079 5330 lnsolito
1096 5289 1178 5332 eursu
1192 5277 1290 5336 sideris
1303 5282 1400 5338 umbra
1415 5281 1452 5338 lui

679 5379 808 5436 usuras
825 5379 1027 5453 unorronus.

160 5493 710 5620 „„
938 5479 1009 5550 ιι

816 5619 941 5679 NOTAE.

155 5730 181 5770 er
198 5727 318 5770 cernuum
335 5711 508 5798 plurimorum
530 5714 689 5772 est'titulus
711 5715 822 5796 codicis.
877 5717 992 5801 lingant
1014 5719 1109 5796 eadem
1133 5735 1231 5778 manus
1257 5720 1291 5777 ad
1317 5721 1467 5795 marginem
1494 5723 1608 5789 corbeis,
1623 5725 1668 5782 ad·

162 5783 275 5843 loannis
303 5794 487 5860 aoptentasnnn
516 5792 569 5842 cet.
603 5800 688 5857 usque
714 5784 839 5860 Carolus,
863 5794 999 5863 scripsit.
1488 5801 1508 5807 ¹·
