3984 6534
173 393 229 451 aba
713 398 814 453 Ltltbtt
834 400 878 454 oti
898 396 1253 454 Ptttubastlttttvton'u.
1755 400 1807 459 598

175 503 291 571 nolunt,
309 503 333 558 si
352 504 462 574 uuanda
482 506 510 562 iu
524 509 625 577 diuina,
644 525 692 567 scu
712 514 828 570 irunrana
853 515 968 586 legerint
981 524 1004 583 ,t
1017 515 1224 586 praescientiam
1244 521 1273 569 et
1294 512 1568 585 praedestinationem
1584 514 1693 587 proprie
1705 515 1764 574 lteri
1780 519 1807 575 ia

177 595 663 668 auctoritate,beumpracsciissev·ei
677 606 892 672 praedestinasse
905 621 968 676 pee-
1022 606 1077 672 bis,
1092 621 1162 676 quae
1181 607 1277 662 ordine
1295 615 1445 676 temporum
1463 607 1629 678 praecedant
1640 621 1682 674 ea,
1696 622 1767 678 quae
1780 617 1809 667 et

177 696 254 752 cata,
277 695 403 754 mortem,
428 690 570 760 supplicia,
586 706 656 762 qnae
678 695 784 763 penitus
808 696 875 751 nibil
894 703 968 762 strat,
1020 698 1174 766 praesciunt
1185 706 1215 753 et
1226 697 1430 767 praedestinant
1453 697 1475 763 ¹,
1497 696 1609 754 abusirc
1625 697 1759 754 veredici
1780 698 1809 755 in

176 779 243 849 quia
255 779 379 836 delectus
402 783 481 836 surtti
506 782 575 850 erid
591 786 664 841 enim
688 795 729 841 est
751 796 894 857 peccatum
916 786 968 842 nisi
1019 800 1060 850 eo,
1075 788 1119 841 cui
1135 784 1331 841 nulla⁸lutura
1354 793 1429 852 sunt,
1441 785 1569 856 quoniam
1586 784 1659 843 nullo
1674 795 1807 858 tempore,

176 866 450 938 deiectusiustitiael
462 873 526 941 maid
535 889 606 930 mors
626 876 677 931 nisi
692 876 779 933 risaei
792 874 967 947 orridsuppli-
1019 873 1286 931 scdsuaacrernitatc
1297 873 1543 944 praeceditomnia,
1555 887 1625 945 utrae
1638 874 1673 932 ab
1685 875 1809 932 cosurrtl

176 959 251 1015 ciam
274 958 330 1015 nisi
355 959 548 1018 beatitudinis?
570 963 622 1030 eri
641 966 664 1021 si
676 966 830 1037 diligentius
850 967 969 1021 attende·
1019 965 1073 1019 Aut
1087 964 1222 1034 quoraodo
1242 965 1385 1022 averitate
1407 965 1560 1030 ablrorreau
1579 963 1602 1020 si
1617 964 1723 1020 dicatur
1742 964 1810 1021 asi·

177 1049 364 1116 reat‚omnia‚
377 1063 448 1120 quae
463 1061 541 1117 sunt,
556 1055 652 1111 raonob
665 1056 700 1110 ali
722 1057 737 1112 d
769 1071 822 1122 sse,
840 1057 893 1111 nisi
905 1057 968 1126 quia
1019 1056 1091 1120 mili,
1106 1055 1249 1125 praescivit
1263 1055 1335 1112 licus
1347 1055 1449 1121 auraria,
1464 1069 1535 1125 virtue
1549 1053 1671 1111 iacturas
1681 1062 1764 1119 esset,
1778 1062 1808 1111 ct

177 1137 315 1210 praesens
329 1147 359 1195 et
380 1142 579 1209 praedestinata
602 1153 680 1212 suat,
698 1147 789 1202 omnia
809 1142 883 1212 reid,
900 1161 970 1216 qrrac
1019 1146 1124 1202 dicatur
1148 1161 1164 1201 a
1186 1146 1322 1203 contrario
1335 1145 1510 1217 ‚praesciria
1526 1158 1596 1215 utrae
1619 1143 1739 1198 incanus
1753 1157 1809 1218 trun

177 1235 315 1293 msunt,
327 1243 382 1285 sou
394 1229 429 1286 ob
441 1230 513 1286 aliud
529 1248 581 1288 non
595 1248 665 1299 esse,
680 1235 731 1290 nisi
743 1236 814 1305 quod
828 1251 878 1291 uec
890 1251 969 1306 prae-
1018 1245 1099 1301 esset,
1113 1251 1162 1306 pro
1174 1236 1305 1292 nescivit?
1322 1235 1453 1319 Similiter
1466 1234 1500 1292 dc
1514 1233 1807 1305 praedestinationem·

178 1316 260 1382 seila,
270 1330 323 1373 aec
335 1318 535 1388 praedestinata
546 1331 619 1389 enrrt,
625 1324 866 1409 Qseipsos
880 1341 969 1381 ernen-
1019 1324 1311 1395 telligendamasimili.
1327 1323 1539 1382 Pracdestinarit
1553 1321 1635 1386 Dens,
1647 1337 1715 1392 anm
1731 1335 1810 1391 arrae·

177 1406 288 1473 darent,
298 1415 327 1463 el
339 1407 541 1478 resipiscerent,
556 1413 729 1485 animumque
743 1431 821 1471 suarm
835 1416 867 1470 ad
881 1416 969 1471 lucem
1018 1417 1124 1486 paravit
1148 1416 1181 1472 ad
1206 1431 1282 1473 saara
1306 1415 1450 1487 gratuitam
1472 1415 1588 1486 gratiam
1612 1411 1808 1483 accipiendam.

176 1498 305 1557 veritatis
316 1509 514 1570 converterent,
528 1513 557 1558 ut
570 1504 597 1560 ia
610 1521 652 1572 ea,
666 1514 695 1560 et
712 1522 762 1576 per
772 1506 969 1576 canr¹eernere
1018 1505 1191 1561 beontrnrlo
1206 1505 1418 1576 praedestinavit
1440 1503 1537 1574 intrudas
1553 1503 1585 1558 ad
1602 1501 1752 1568 interitum,
1768 1502 1811 1557 uel

176 1599 295 1660 possent
310 1589 338 1647 ia
351 1591 425 1647 omni
440 1606 530 1648 rerum
546 1603 653 1661 natura,
668 1597 798 1665 quidquid
823 1597 914 1653 vere-i
927 1596 968 1651 ia·
1018 1596 1334 1666 suppliciumaetcraum,
1347 1610 1415 1667 quos
1427 1606 1577 1653 tamennon
1590 1593 1808 1665 praedestinavit.

176 1680 291 1737 vestitur
309 1695 379 1748 esse,
403 1682 543 1828 tramsmiud
561 1684 588 1740 id
605 1699 676 1752 esse,
691 1686 743 1741 alsi
756 1701 849 1751 trunam,
864 1700 969 1741 reram·
1019 1689 1048 1747 Si
1068 1690 1140 1747 ernian
1155 1690 1346 1763 praedestinati
1370 1699 1456 1752 struat,
1479 1688 1633 1746 successario
1653 1685 1811 1757 periturum,

176 1788 232 1843 que
247 1773 407 1840 mutiam,
426 1789 463 1844 qu
481 1790 497 1831 e
515 1776 615 1846 ubique
634 1777 661 1831 in
678 1774 713 1833 s'c‘
728 1777 784 1846 ipsa
800 1776 969 1832 totaest.ldt
1020 1797 1175 1853 paenasane
1188 1783 1326 1853 patientur
1339 1781 1508 1839 inevitabiles
1523 1779 1555 1834 ¹⁰.
1574 1778 1651 1847 Quod
1665 1777 1688 1833 si
1707 1776 1744 1834 ita
1756 1790 1810 1844 cst,
1841 1837 1846 1842 ,

177 1877 252 1934 ‘1⁰³0
262 1861 553 1929 oelilhsnisiomuiuut
566 1875 722 1920 naturarum
730 1867 882 1937 praesciens
894 1882 970 1937 prae·
986 1852 1008 1913 Β
1023 1873 1158 1944 qtrontodo
1172 1873 1245 1942 iuste
1265 1873 1431 1943 iudicabitur
1445 1872 1570 1937 rvuervdas,
1590 1884 1671 1941 utrem
1693 1871 1812 1927 necessi-

176 1955 335 2021 destinatio‚
356 1963 384 2012 et
401 1957 580 2027 praescientia
594 1959 816 2028 praedestinans?
830 1959 858 2015 Si
879 1969 970 2014 autem
1022 1973 1063 2020 tas
1073 1964 1328 2033 praedestinationis
1346 1964 1419 2035 cingit
1437 1962 1545 2034 perire?
1562 1961 1638 2029 erod
1664 1960 1812 2030 intpictatis

174 2047 352 2119 apertissime
383 2047 553 2120 intelligitur,
584 2051 705 2106 omnium
733 2059 891 2107 naturarum
915 2065 969 2106 non
1020 2053 1375 2122 propriamcstaestivnari.

174 2114 391 2193 affirmem
408 2138 640 2210 principalemque
654 2143 844 2208 substantiam,
859 2151 970 2213 praeter
1055 2143 1086 2198 ll.
1106 2143 1223 2201 Proinde
1247 2158 1281 2200 ae
1306 2154 1398 2200 nostra
1423 2144 1474 2200 ista
1499 2145 1671 2204 ratiocinatio
1685 2150 1813 2206 rideatur

175 2227 300 2284 dirlaam
312 2229 521 2300 praescientiam
533 2231 545 2263 ⁸
557 2239 585 2286 et
597 2233 869 2301 praedestinationem
882 2251 889 2288 ι
901 2249 969 2303 qtro-
1020 2210 1276 2292 nttiladnffiscu
1292 2236 1425 2291 burrraanc
1436 2235 1606 2293 auctoritatis
1622 2236 1736 2293 iornruln
1750 2251 1812 2295 esse

175 2318 261 2373 modo
276 2319 441 2375 credendum
459 2327 511 2386 est,
525 2321 552 2376 in
570 2321 610 2376 cis
622 2336 692 2389 esse,
708 2337 777 2393 qnae
793 2324 902 2379 cannino
916 2339 969 2379 arou
1019 2325 1139 2390 arrdulta,
1152 2327 1217 2397 quid
1224 2327 1331 2383 divitiae
1345 2325 1501 2399 Scripturac
1516 2328 1630 2398 paginis.
1644 2329 1710 2399 arsid
1723 2331 1813 2387 sancti

172 2410 260 2465 urat!
272 2408 302 2466 Si
317 2411 391 2466 enim
411 2412 441 2466 la
452 2412 493 2469 eis
505 2421 607 2480 essent,
621 2415 714 2484 procul
728 2413 808 2470 dnbio
823 2429 875 2470 non
891 2414 969 2480 nilul,
1019 2415 1109 2484 patris
1120 2415 1263 2487 burgnstiai
1277 2414 1358 2473 dictis
1373 2425 1462 2486 potest
1484 2416 1566 2480 ellici.
1589 2417 1752 2489 inuestigare
1765 2419 1812 2476 de·

175 2503 226 2557 sed
244 2499 349 2572 aliquid
364 2503 561 2559 substitissent.
579 2503 614 2558 At
628 2519 693 2559 vcro
706 2503 773 2557 nibil
786 2512 859 2558 sunt.
886 2503 915 2559 la
930 2504 970 2559 eis
1020 2504 1124 2571 betrtas,
1139 2521 1192 2562 raon
1209 2505 1281 2577 quod
1305 2506 1325 2539 ¹⁸
1346 2505 1460 2562 aliorum
1483 2507 1678 2565 catltolicorurn
1701 2509 1812 2566 l‘atrtan

174 2593 261 2663 teitau
287 2606 338 2650 uec
359 2593 556 2664 praescientia,
579 2609 629 2651 nec
651 2593 862 2666 praedestinatio
880 2593 969 2649 divina
1018 2595 1150 2666 ereruplis
1165 2598 1231 2654 lraec
1246 2597 1339 2654 cadem
1352 2597 1514 2654 concludere
1528 2612 1580 2654 non
1595 2600 1744 2670 possinms,
1764 2600 1813 2657 scd

174 2689 253 2736 sunt.
502 2714 503 2717 =
1020 2684 1094 2755 qrtod
1117 2685 1302 2741 necessarium
1317 2685 1454 2751 duximus,
1470 2694 1497 2741 ot
1514 2685 1618 2743 utiliter
1631 2687 1665 2743 ad
1681 2702 1736 2744 reru
1752 2702 1812 2758 pcr-

437 2775 635 2833 cantabatur
660 2775 705 2831 lli.
1020 2774 1107 2830 tinere
1130 2775 1252 2831 ridemus
1266 2777 1300 2841 ¹¹,
1315 2775 1387 2831 illins
1400 2775 1520 2831 arretoris
1535 2776 1605 2833 dicta
1631 2790 1740 2847 potuere.
1766 2777 1811 2832 cui

175 2880 258 2947 (μοι
273 2883 363 2938 ,epam
377 2884 545 2956 inaranaqne
561 2886 718 2940 mmmm
737 2886 899 2955 mmmm,
912 2903 971 2954 por·
1021 2861 1811 2936 nranivness[otescalcus]lracreticussuiaeiarutidepmatis

215 2953 262 3015 sit,
275 2969 326 3007 non
340 2969 395 3008 esse
409 2953 457 3008 bei
471 2956 805 3024 praedestinationcat,ur'vi
817 2956 849 3009 de
860 2957 912 3021 iris,
926 2957 971 3026 tvai
1019 2964 1116 3006 causas
1130 2950 1198 3006 salet
1217 2950 1328 3008 referre.
1343 2950 1419 3005 autta
1435 2953 1534 3007 etenum
1554 2952 1689 3023 scriptura
1705 2964 1760 3019 est,
1777 2955 1811 3010 du

213 3023 435 3090 mmmmm
445 3026 481 3078 Μ
491 3033 624 3078 ‘oelssltwm
637 3023 796 3093 lelissl'l‘llssm·
1020 3054 1072 3110 quta
1088 3055 1142 3094 ιιοι
1158 3039 1237 3097 laciic
1257 3054 1311 3098 noa
1337 3040 1516 3112 intelligentes
1536 3056 1595 3097 cam
1609 3057 1690 3112 prora
1706 3044 1811 3112 possint

211 3128 235 3184 Ι.
254 3128 386 3197 thuiavu
399 3148 465 3189 vcro
479 3134 559 3205 lmjm
571 3144 682 3191 nostrae
695 3135 810 3190 actionis
817 3135 970 3207 principalis
1021 3131 1133 3186 serrare.
1146 3130 1214 3187 liiac
1223 3140 1264 3187 cst
1289 3132 1360 3215 (prod
1370 3132 1522 3201 praedictus
1531 3142 1687 3188 sauctorum
1700 3133 1810 3189 i‘atram

174 3223 304 3292 mrssstlo
325 3226 462 3295 preposita
485 3235 528 3282 est
550 3228 584 3282 de
605 3226 695 3282 divina
722 3227 921 3296 praescientia*
942 3236 969 3282 et
983 3186 1006 3247 C
1022 3220 1197 3276 atcvrdosusa
1218 3206 1484 3285 alteratormerito,
1499 3222 1562 3276 ιΙιιι
1579 3220 1700 3277 veritatis
1723 3235 1811 3291 nervae

173 3313 436 3385 marmanum
459 3325 570 3387 propper
587 3332 668 3387 quam
683 3317 835 3372 necessario
855 3317 969 3387 attagen.
1019 3309 1055 3364 sit
1071 3308 1256 3379 investigator,
1271 3323 1358 3378 uentre
1373 3309 1507 3374 irruenter,
1522 3324 1575 3363 noa
1590 3323 1622 3364 ea
1633 3324 1721 3380 ,quac
1735 3321 1811 3381 pater

175 3404 232 3459 tius
245 3404 440 3460 'tractandam
454 3407 603 3462 incidentes
620 3407 970 3477 qrnaesunnestutmuucme
1020 3399 1183 3471 brigantinus
1206 3400 1263 3456 suis
1285 3398 1374 3456 verbis
1397 3398 1536 3455 insinuare
1551 3399 1645 3458 rulrtit.
1666 3399 1809 3463 intellexit,

174 3500 250 3558 sunt,
268 3492 368 3550 eadem
382 3495 462 3564 paulo
475 3497 595 3566 apertius
609 3496 794 3566 exemplorum
822 3496 969 3554 luminibus
1019 3491 1067 3547 scd
1079 3500 1108 3545 nt
1117 3504 1160 3555 ea,
1172 3504 1242 3561 natac
1252 3489 1309 3560 ipse
1322 3502 1338 3543 a
1351 3503 1382 3546 se
1394 3489 1452 3560 ipso
1465 3500 1546 3558 attane
1560 3489 1668 3546 diabulo
1685 3489 1705 3522 ¹⁸
1720 3489 1811 3548 barrit.

175 3582 500 3655 damasumsmpuns
507 3594 660 3641 nostrarum
669 3585 970 3644 litterarumlectoribas
1019 3580 1290 3651 martereaprnedieu
1301 3579 1391 3636 Patris
1403 3593 1454 3637 nou
1469 3581 1577 3650 quidem
1590 3581 1670 3636 rerba
1685 3580 1711 3636 in
1724 3580 1776 3638 sibi
1790 3581 1811 3612 ¹⁸
1874 3657 1877 3663 Ι

175 3673 294 3729 suadere
308 3674 476 3741 curavimus,
491 3677 514 3731 si
532 3684 623 3731 tamen
637 3677 707 3743 sint,
721 3677 825 3746 unicas
844 3677 970 3748 legendas
1019 3672 1228 3739 coruvenientia,
1255 3671 1302 3728 sed
1330 3670 1409 3740 ariane
1436 3670 1589 3727 resistentia
1613 3669 1745 3726 violenter
1769 3686 1811 3727 rc·

171 3762 381 3831 iudicaverint,
436 3780 490 3835 qtae
507 3765 614 3845 elimam
640 3780 734 3821 corma
752 3769 852 3823 caritas
871 3767 905 3822 ad
924 3782 970 3824 eas
1021 3761 1109 3816 torsit.

173 3853 355 3924 modas
368 3868 383 3907 a
449 3844 556 3926 'triplus
569 3855 596 3909 in
612 3855 677 3924 ipsis
689 3856 970 3913 nostraeobedientiae
1054 3850 1098 3905 lll.
1116 3849 1167 3906 Ubi
1180 3848 1432 3921 primojaotandatn,
1444 3848 1514 3917 utrod
1528 3858 1638 3904 sanctae
1651 3847 1809 3918 Scripturac

175 3942 350 3997 ductionem
364 3941 572 4006 consideraturi,
584 3958 666 4010 uuam
682 3943 969 4014 utilissimaedisputa·
1019 3940 1332 3997 auetoritasinconcussa
1348 3938 1370 3971 ¹¹
1383 3938 1590 4009 praescientiam
1601 3938 1682 3994 siaml
1693 3948 1807 4010 etprae-

176 4034 270 4100 tionis,
285 4033 311 4089 si
327 4041 417 4090 tamen
432 4035 521 4104 aliqua
539 4035 641 4092 utilitas
660 4037 791 4101 incasit,
807 4037 968 4107 despecturi,
1019 4028 1239 4098 destinationem,
1262 4039 1310 4087 aut
1336 4030 1420 4087 solam
1448 4029 1570 4086 absolute
1584 4030 1808 4102 praedestinatio·

175 4138 212 4183 as
229 4123 305 4181 iorte
321 4125 399 4194 quasi
415 4126 544 4180 commoti
567 4126 594 4180 in
612 4141 660 4181 uos
679 4125 784 4182 irruant
798 4114 906 4193 dicturi,
920 4142 970 4184 aos
1018 4137 1092 4186 actu,
1108 4122 1228 4179 nonnisi
1246 4121 1274 4179 ia
1287 4122 1339 4189 bis,
1354 4137 1422 4192 atros
1437 4122 1507 4178 bcus
1521 4121 1602 4194 clegit
1617 4122 1651 4178 ad
1670 4133 1810 4180 aeternam

174 4188 970 4286 ffitmetamsetpraesetcutiae,etpraettesannttouts
1019 4212 1215 4268 beatitudinem
1237 4212 1437 4283 possidendam,
1462 4212 1615 4268 inveniatur
1640 4213 1764 4281 posuisse
1777 4210 1808 4263 ¹⁰.

176 4300 301 4363 divinae,
314 4301 392 4370 atria,
408 4303 430 4357 si
450 4303 597 4358 studiosius
621 4303 796 4371 inspexerint,
812 4304 969 4359 assertionis
1018 4300 1060 4355 lid
1072 4302 1142 4370 quod
1157 4301 1325 4371 probandum
1338 4301 1458 4371 Apostoli
1473 4301 1544 4356 dicta
1560 4300 1704 4357 salirciuat.
1719 4299 1810 4369 ligera

174 4403 273 4444 earnm
287 4388 433 4460 plurimum
446 4391 473 4446 iu
486 4392 527 4446 eis
540 4391 687 4457 invenient,
703 4391 893 4447 vlestruetioais
905 4405 969 4447 vcro
1020 4389 1118 4459 quippe
1132 4390 1165 4445 ad
1182 4388 1338 4446 llonranos:
1351 4390 1466 4455 Seiraas,
1493 4391 1590 4459 irrquit,
1603 4391 1726 4461 proraiam
1745 4390 1809 4444 dili-

175 4480 258 4536 ailrii.
272 4481 343 4549 erid
369 4481 463 4538 enimi
484 4481 609 4552 Nuuquid
632 4482 674 4536 vel
699 4469 905 4552 praescientiam
921 4482 968 4538 bei
986 4480 1139 4576 Dperrtiirav
1151 4480 1234 4535 Deam
1245 4481 1333 4534 oarrrt'a
1351 4490 1527 4548 cooperantur
1542 4482 1569 4535 ia
1581 4480 1687 4543 borram,
1699 4480 1751 4545 iris,
1764 4481 1810 4550 pai

173 4571 307 4637 destrunt,
328 4571 372 4626 vel
387 4569 446 4639 ejus
460 4571 735 4641 praedestinationem
749 4572 906 4636 cortwmnit,
922 4573 968 4642 arri
1020 4572 1164 4627 secundam
1185 4571 1345 4642 propositam
1367 4572 1451 4626 uocati
1474 4579 1554 4636 saat,·
1579 4573 1720 4642 qttotriam,
1743 4588 1809 4643 quoa

172 4676 226 4716 eas
246 4660 377 4717 transbtc
389 4661 425 4716 de
438 4660 494 4716 beo
505 4661 656 4731 praedicari
671 4661 787 4716 asseriti
797 4659 879 4727 Quasi
891 4662 901 4694 ⁸
913 4676 966 4717 ιοι
1019 4664 1240 4733 arrtepraeseivrt,
1254 4672 1278 4716 et
1292 4661 1493 4732 praedestinavit
1504 4662 1650 4731 certiorarer
1661 4661 1720 4731 dari
1738 4666 1808 4718 iraa-

170 4750 266 4822 possit
289 4763 306 4804 a
330 4749 520 4820 temporalibus
545 4751 579 4806 ad
603 4759 712 4806 aeterna
748 4730 889 4806 translatio
909 4751 966 4806 lleri
1020 4753 1088 4822 pinis
1101 4750 1164 4807 Filii
1178 4752 1569 4823 sai‚stlsitipsapriaropear'tas
1582 4750 1810 4824 iavrrvltt'stratri·

175 4841 261 4900 noda
273 4841 391 4912 quodam
413 4843 609 4908 similitudinis,
624 4851 670 4898 aut
684 4844 718 4898 ab
732 4845 784 4908 bis,
800 4857 870 4912 quae
892 4853 967 4910 sunt,
1021 4846 1079 4901 iras.
1102 4845 1174 4912 Quas
1193 4856 1280 4901 atatem
1291 4845 1503 4916 praedestinavit,
1526 4844 1586 4900 iilos
1605 4854 1628 4899 et
1649 4845 1770 4908 aaran<
1784 4852 1809 4898 er

172 4936 213 4991 ad
230 4950 274 5001 ea,
289 4925 514 5006 quaestuosum,
532 4937 612 4992 mado
625 4935 806 5006 pulcherrimo
820 4936 968 4992 contrarie·
1020 4951 1086 5007 qnos
1102 4939 1211 5001 voravit,
1231 4937 1301 5005 ipsos
1316 4947 1339 4990 et
1350 4934 1526 5006 justificavim·
1545 4946 1609 4990 auos
1627 4942 1714 4989 aurens
1725 4933 1808 5004 jasti-

172 5026 261 5082 aatis?
279 5026 334 5082 Aut
352 5027 429 5097 quasi
446 5035 535 5082 rcetac
548 5025 609 5082 lidci
634 5027 752 5093 resistat,
769 5027 867 5096 siquis
883 5027 965 5091 dieat,
1021 5029 1124 5097 deurit,
1144 5029 1214 5100 ipsos
1235 5039 1260 5084 et
1281 5029 1435 5101 glorificavit
1450 5039 1475 5081 ⁸.
1498 5027 1563 5082 item
1584 5027 1618 5082 ad
1633 5024 1805 5098 presius²b
1887 5054 1913 5097 0

356 5128 414 5145 ⁶*
799 5160 1140 5222 trituraret-:cnonas

212 5273 467 5340 ¹Siccod.,bi.ca.
504 5271 790 5335 *Siceod.,bl.vero.
829 5270 932 5327 'Corn
946 5273 1066 5337 li.,c0d.
1080 5278 1247 5348 presentiam.
1284 5277 1386 5332 ‘Corn
1402 5275 1449 5340 lt,
1467 5275 1680 5346 codpresentia.
1718 5273 1804 5328 'card

175 5347 342 5416 delineatam.
393 5344 603 5413 ‘Codqaassi
642 5342 707 5397 ⁷Sic
722 5343 796 5406 coti,
813 5341 849 5395 bi.
862 5344 999 5410 praescivit
1023 5354 1048 5398 et
1068 5346 1280 5415 praedestinavit.
1327 5345 1417 5401 ‘Coti
1434 5345 1507 5399 rntia.
1553 5342 1804 5413 ’conparaverat

178 5418 201 5448 ¹·
224 5416 326 5470 lardum
343 5422 390 5467 aut
404 5413 540 5467 simillima
556 5412 677 5483 neutralis
698 5425 795 5465 manus
811 5411 843 5463 ad
860 5426 944 5480 marg.
961 5412 1049 5466 adser.
1071 5413 1121 5467 llic
1142 5414 1205 5466 dicit
1226 5415 1487 5484 praedestinationem
1508 5413 1683 5467 necessitatem
1710 5413 1806 5481 inferre

179 5488 199 5517 ¹¹
221 5484 313 5552 Cotti..
337 5483 399 5538 eod.
424 5483 551 5552 aarrqaid.
613 5483 633 5513 ¹¹
658 5480 709 5535 Sed
730 5478 974 5548 artari-videmus
993 5483 1097 5537 anub.
1138 5483 1370 5538 ¹³Cad.diabalo.
1411 5483 1580 5549 ¹‘Slec0d.,
1600 5480 1733 5552 lbverbn
1753 5497 1806 5535 non

177 5555 354 5626 sibiqaidenr.
394 5551 491 5607 ¹'Com
511 5552 659 5607 irrcoacusa.
700 5548 953 5611 '‘liod.aassaisse.
995 5551 1094 5606 ”bed
1110 5553 1212 5623 esu’sios.

924 5658 1048 5715 libitu.

213 5746 225 5774 ¹
241 5734 320 5790 Rom.
334 5731 399 5798 tiltt,
415 5732 450 5787 28
463 5748 538 5803 seqq.
