3984 6534
207 374 259 433 615

870 365 1009 423 ioannis
1029 364 1125 422 seon
1426 346 1432 358 ’
1461 340 1464 346 ’
1783 356 1829 411 nc

205 486 342 560 qssomolo
362 493 454 539 saneta
479 481 584 537 trinitas
604 490 632 536 et
655 478 841 550 inseparabilis
863 482 952 535 assitas
976 478 1157 543 natisionis
1179 485 1207 531 et
1223 474 1363 532 invisibilis
1385 471 1501 528 marsius
1519 470 1654 526 iorsnmor
1676 475 1706 523 et
1725 461 1828 539 regitssr.

206 595 312 635 ssnnma
330 592 414 646 usqne
428 576 552 630 deorsum
574 589 621 644 per
640 572 729 627 omnia
748 570 906 628 diffunditur
919 574 940 637 ¹,
967 582 994 627 ot

181 652 184 657 ’
205 685 260 739 qssa
275 669 353 722 risorio
367 680 474 719 omnem
496 672 605 733 superat
625 663 800 727 intellectum,
816 671 843 717 et
863 663 897 717 ab
919 663 992 719 annii

205 760 240 814 rit
253 761 396 813 ¹creatura
409 755 506 809 visibili
529 763 557 808 et
576 753 702 808 inrisibili
719 754 745 806 in
769 754 899 808 irslsssitam
920 754 994 808 ’na-

208 860 285 901 turae
299 861 363 900 snae
378 844 546 898 altitudinem
562 851 675 897 rernuta.
694 839 882 896 Verumtamen
902 850 929 896 et
945 843 994 896 lso-

205 938 292 991 misas
319 933 378 1003 puri
405 940 432 987 et
454 931 541 1002 angeli
567 945 676 1001 semper
695 939 723 986 et
742 931 907 985 incessanter
932 947 992 986 earn

202 1026 361 1093 conspicere
380 1031 525 1092 appetunt,
550 1022 620 1091 assurt
652 1020 859 1089 ‘contemplari
882 1037 929 1091 per
950 1037 992 1076 se·

201 1119 290 1186 ipsum
316 1115 327 1147 ⁸
352 1122 499 1182 nequeunt,
523 1121 551 1167 et
573 1112 625 1166 bae
642 1125 690 1181 per
714 1112 863 1164 nresliarum
887 1112 990 1165 alarum

201 1203 319 1258 rolatum
332 1201 509 1272 signillcatur.
528 1199 596 1253 lliuc
611 1199 749 1267 Scriptura
765 1199 831 1252 erait
844 1217 850 1251 :
865 1199 898 1253 ln
915 1215 990 1269 prtem

201 1292 386 1362 concupiscam
409 1288 518 1358 ‘onpcli
531 1289 687 1358 prospicere.
701 1289 748 1342 Est
761 1289 834 1343 essim
846 1289 990 1349 inlinitum.

201 1378 990 1449 sgrssrlqnaerunt',etineomprebeasibilc,qsrodappctnnt',

200 1483 229 1526 et
241 1488 322 1542 snper
333 1472 458 1527 ’estruem
470 1470 649 1533 intellectum,
661 1471 731 1538 quoti
745 1471 937 1539 corrcsspiscunt
952 1471 989 1538 ¹⁰,

201 1561 347 1616 etalromni
355 1558 640 1614 creaturaexaltatum.
648 1558 813 1612 Atnrmeaasi
825 1560 875 1613 boc
885 1574 991 1613 summa

1047 568 1187 636 lleoqnea
1202 567 1366 622 Graecorum
1389 562 1556 632 sapientibus
1568 560 1733 633 rapacium
1748 558 1828 628 appel-

1045 658 1095 712 lari
1109 668 1282 722 meruerunt,
1298 658 1349 712 boe
1360 666 1416 722 est,
1431 653 1590 725 principalia
1605 652 1751 721 esesnpla.
1766 666 1827 721 quse

1045 746 1126 802 l‘ater
1139 749 1164 800 in
1177 747 1197 800 F
1200 748 1246 800 ilio
1261 746 1335 809 iecit,
1350 754 1377 799 et
1388 760 1436 815 per
1449 744 1581 813 Spiritum
1592 753 1721 797 sanctum
1734 742 1760 794 ia
1772 739 1827 794 effc-

1044 849 1104 891 etus
1115 852 1179 893 snos
1191 837 1285 891 disistit
1296 845 1376 904 atque
1389 832 1559 904 multiplicat.
1575 835 1827 910 npoops'opsrsqao·

1043 944 1096 998 qrre
1107 938 1237 983 necantur
1251 927 1284 992 ¹⁸,
1296 927 1323 981 isi
1334 934 1376 981 est
1396 924 1679 996 praedestinationem
1694 923 1723 976 iss
1737 922 1796 992 ipsis
1805 922 1827 959 ⁸⁸

1043 1020 1126 1085 enim,
1139 1032 1315 1088 quaectmqne
1328 1018 1418 1072 divina
1439 1016 1586 1086 prudentia
1600 1025 1630 1070 et
1643 1014 1718 1070 bunt
1729 1013 1826 1069 diaeta

1042 1118 1105 1163 snm
1119 1120 1147 1164 et
1163 1110 1251 1163 lutura
1266 1116 1338 1170 sunt,
1351 1106 1430 1162 sinml
1443 1105 1605 1161 etsemelet
1616 1105 1641 1137 ¹⁸
1657 1105 1827 1161 incnsnrsnta-

1042 1199 1132 1253 biliter
1147 1198 1346 1266 praedestinata
1366 1204 1429 1251 sunt
1441 1196 1475 1248 ¹¹.
1489 1194 1533 1248 llil
1545 1193 1622 1249 enirn
1636 1192 1827 1248 rsatssralitcris

1041 1285 1431 1343 creaturarisibilietinrisiirili
1439 1285 1537 1347 orium,
1550 1292 1666 1354 praeter
1677 1282 1752 1351 guod
1762 1282 1786 1336 in
1794 1281 1828 1335 sis

1041 1388 1103 1432 ame
1115 1379 1206 1433 onmia
1216 1387 1336 1449 tempera
1349 1389 1375 1433 et
1390 1378 1446 1432 loca
1459 1376 1673 1446 praedefinitum
1684 1384 1713 1429 et
1731 1388 1828 1445 precor·

1041 1475 1161 1530 dinatum
1181 1483 1232 1529 est.
1254 1473 1352 1528 ltema
1375 1472 1542 1543 pbilosophis
1563 1472 1623 1527 ists
1647 1468 1828 1542 aalma

1040 1573 1090 1625 est,
1104 1565 1212 1619 divinae
1222 1563 1376 1618 voluntates
1386 1561 1519 1616 nostrinari
1528 1560 1828 1629 solent,rpuoniansow

202 1663 284 1719 :stirne
298 1651 388 1704 «lirina
402 1649 491 1703 urritrss
502 1657 590 1702 inuret
604 1648 719 1716 seipsam
733 1648 760 1701 iu
774 1651 796 1685 ¹¹
809 1648 990 1704 intellectmns
1040 1654 1095 1716 nia,
1110 1667 1288 1723 qssaeeumpse
1300 1652 1384 1706 relisit
1394 1650 1466 1706 [leus
1479 1648 1582 1714 lacere,
1594 1651 1622 1703 in
1639 1649 1711 1718 ipsis
1723 1649 1826 1718 primor-

201 1741 330 1812 nugclicis
354 1756 401 1794 sen
418 1739 552 1800 humanis,
578 1746 607 1790 nt
630 1739 662 1792 sle
680 1753 713 1791 ea
737 1738 878 1791 arateriam
901 1738 988 1793 lauslis
1039 1743 1146 1798 dialiter
1169 1752 1197 1798 et
1218 1741 1362 1797 causaliter
1383 1742 1459 1807 iecit,
1477 1750 1505 1794 et
1521 1754 1594 1810 qnae
1612 1738 1708 1793 lutura
1720 1737 1827 1802 asneis

202 1848 266 1884 snae
279 1840 306 1885 et
320 1827 512 1899 intelligentiae
529 1842 605 1890 sisae,
625 1836 755 1894 qssammn
771 1836 913 1881 creaturae
925 1843 991 1883 con·
1005 1835 1027 1892 B
1040 1832 1081 1886 eis
1093 1841 1155 1888 mite
1164 1833 1272 1887 assecula
1284 1832 1354 1887 iacta
1368 1842 1440 1887 snm.
1453 1831 1492 1886 ric
1503 1845 1552 1901 per
1564 1831 1618 1886 lsoe
1629 1829 1766 1900 principis
1778 1844 1824 1883 ons

201 1923 316 1984 inclitus,
328 1918 476 1982 ismeniam,
488 1917 634 1970 trinitatem
647 1917 785 1969 inanitate
798 1917 986 1987 percipientes.
1039 1924 1113 1977 nium
1127 1924 1254 1977 dicuntur
1264 1938 1341 1987 esse,
1354 1923 1480 1991 quostiam
1491 1921 1584 1975 osssnia
1596 1961 1604 1986 ,
1616 1934 1794 1991 quaecuuque
1803 1919 1826 1972 is

201 2011 278 2065 sicut
288 2009 326 2062 ait
348 2014 456 2061 sanetus
479 2004 619 2073 theologus
632 2003 777 2073 Gregorius
790 2004 917 2074 inprime
930 2021 988 2061 ser·
1040 2022 1164 2066 ereatura
1177 2013 1235 2067 sire
1246 2012 1344 2066 visibili
1358 2013 1415 2066 sire
1428 2009 1557 2066 istrisibili
1572 2009 1782 2065 sentiunturrei
1794 2008 1825 2062 ts

199 2116 279 2155 ssione
291 2101 323 2154 ue
335 2097 404 2153 Filio
419 2114 426 2150 :
442 2096 600 2165 Propterea,
616 2095 712 2162 iuquit,
725 2110 817 2149 monos
834 2095 988 2165 uprirrcipio

198 2193 226 2245 in
239 2190 326 2260 riparia
342 2198 412 2242 asota
431 2203 511 2256 rasprre
527 2187 554 2239 ia
566 2187 650 2238 triosle
662 2185 683 2215 ¹¹
696 2196 758 2238 stat.
778 2186 864 2252 Quam
878 2197 986 2241 senten·

198 2285 263 2336 siam
285 2282 380 2335 beatus
401 2278 532 2330 Maximus
555 2275 674 2343 exponit,
697 2275 810 2328 dicens:
831 2274 950 2329 Meretur
964 2274 987 2307 ¹⁸

199 2386 309 2437 rissrnrpce
321 2371 347 2420 ia
361 2369 488 2434 acceptivo
501 2366 542 2418 sui
556 2364 687 2418 intellectu
699 2365 751 2417 sice
763 2364 786 2394 ¹⁸
800 2363 917 2434 arrpelico
934 2364 987 2419 sine

198 2468 323 2523 irumoao,
333 2475 378 2528 per
389 2458 482 2527 ipsam,
499 2467 522 2510 ct
531 2458 560 2510 in
572 2458 629 2526 ipsa
643 2454 822 2525 irrguisitiones
832 2458 864 2508 sle
878 2455 934 2524 ipsa
945 2455 987 2523 so·

197 2556 290 2607 ciente.
308 2550 343 2605 Et
364 2550 461 2604 clurim
481 2550 642 2604 discordum:
660 2550 732 2604 slocet
752 2549 836 2618 ipsam
855 2551 883 2603 irs
901 2551 986 2618 prima

197 2646 253 2698 acie
267 2643 402 2714 impartire
415 2641 447 2696 sle
464 2643 575 2697 nrorsasle
589 2643 725 2703 rationem,
742 2652 769 2693 at
784 2657 837 2694 aon
855 2641 985 2710 separatio

196 2729 985 2802 iaprima‘⁸causalisntrosiucutur‚promeret²⁸neroipsnm

196 2822 325 2875 rationem
338 2821 416 2876 etiam
428 2821 544 2873 divinam
558 2829 582 2873 et
597 2818 755 2887 ineffabilem
771 2818 856 2888 ipsius
871 2818 984 2871 causalis

195 2912 381 2981 perennitatem
404 2913 530 2979 accipere,
551 2909 640 2963 dicens
660 2911 766 2978 mpstice
787 2920 864 2978 otone
887 2907 985 2961 occulte

195 3005 245 3074 ipsi
256 3001 410 3067 intellectori,
425 3017 477 3056 aorr
487 2998 780 3069 oportercinsecurnlant
793 3014 858 3061 esse,
870 3013 984 3066 urspuaos

195 3092 385 3163 sopere¹⁷illarl
400 3094 526 3163 optimam
535 3089 801 3158 l'erbiacsapiemiac
815 3088 854 3142 ecl
867 3088 984 3155 sscrrctiii-

1039 2101 1207 2170 tellignmnr,
1233 2116 1326 2156 eorum
1354 2101 1561 2170 participatione
1585 2100 1755 2155 subsistunt.
1775 2099 1826 2169 ipss

1038 2207 1103 2246 reru
1116 2191 1194 2245 ansius
1205 2192 1390 2245 nuirersorum
1403 2205 1514 2255 esstssae,
1525 2205 1653 2245 snannae
1667 2191 1790 2245 riuutoes
1799 2204 1827 2241 se

1038 2291 1149 2335 sanetae
1167 2280 1320 2344 Trinitatis,
1332 2280 1552 2350 participationes
1573 2288 1653 2346 sunt,
1674 2290 1758 2350 atque
1775 2279 1827 2335 illm

1035 2386 1087 2440 -per
1100 2385 1129 2425 se
1143 2369 1269 2424 sliesmmr
1290 2384 1360 2433 esse,
1382 2370 1444 2439 quia
1459 2369 1530 2423 nulla
1545 2378 1682 2424 creatura
1695 2370 1766 2425 inter
1778 2370 1826 2437 ipss

1038 2471 1066 2514 et
1079 2475 1159 2514 uuam
1172 2460 1292 2514 onsrsinm
1309 2473 1418 2513 calisam
1437 2459 1598 2527 interposita
1611 2469 1670 2514 cst.
1688 2459 1724 2513 Et
1738 2460 1766 2515 irs
1776 2459 1826 2529 ipss

1037 2552 1101 2605 tlum
1121 2549 1326 2604 immutabiliter
1346 2549 1505 2611 subsistunt,
1524 2549 1723 2617 primordiales
1738 2563 1826 2604 causas

1036 2641 1149 2696 alimum
1170 2655 1313 2695 causarum
1337 2639 1507 2709 septentiam
1531 2655 1562 2694 se
1582 2650 1649 2694 sunt
1662 2640 1783 2711 ”usqae
1796 2639 1826 2693 ssl

1039 2740 1175 2784 extremos
1187 2731 1268 2784 totius
1279 2737 1391 2782 naturae
1403 2728 1528 2782 conditae
1538 2738 1566 2781 ct
1576 2728 1604 2782 in
1616 2727 1756 2783 insanitum
1766 2726 1825 2783 ast·

1036 2819 1170 2888 tiplicatae
1183 2819 1323 2881 terminos,
1331 2817 1356 2870 in
1365 2819 1387 2855 ¹⁰
1399 2816 1532 2870 inlinitum
1542 2817 1617 2881 alico,
1630 2833 1689 2871 non
1699 2815 1823 2877 Creatori,

1036 2910 1082 2964 sel
1099 2918 1257 2972 ereaturae;
1277 2908 1338 2962 linis
1352 2908 1424 2961 enim
1438 2906 1680 2977 multiplicationis
1695 2918 1825 2963 emtsts·

1036 3015 1093 3053 nint
1106 2999 1155 3053 soli
1169 2999 1289 3053 Creastori
1302 3000 1424 3068 eogsritns
1435 3006 1489 3060 est,
1500 2997 1563 3066 qnia
1579 2998 1640 3066 ipse
1652 3007 1684 3053 et
1696 3013 1750 3054 nors
1762 2996 1825 3051 sliat

1035 3099 1087 3144 est.
1113 3087 1181 3141 Sunt
1204 3086 1287 3156 igitur
1302 3086 1489 3157 prisnonliales
1508 3103 1626 3154 causae,
1648 3106 1722 3161 quas
1742 3106 1824 3147 sersus

195 3183 295 3236 cutione
310 3183 332 3214 ¹⁸
344 3184 443 3237 cirratis
459 3182 664 3249 coessentiaeque
678 3181 698 3213 ¹¹
716 3183 743 3234 in
753 3181 915 3244 substantiis,
932 3197 983 3234 nors
997 3171 1019 3232 C
1035 3179 1154 3234 osnuimn
1167 3177 1299 3246 principia
1316 3177 1400 3231 (lirini
1412 3180 1547 3246 sapientes
1559 3180 1715 3249 appellant,
1731 3196 1823 3254 persc-

189 3279 224 3324 ut
237 3270 407 3338 commeritum
420 3284 453 3323 ea
464 3267 504 3321 bis
516 3267 809 3334 suscipiatursliainam,
824 3268 901 3335 pssusi
914 3266 983 3318 acci·
1034 3270 1119 3338 ipsam
1134 3269 1251 3332 bonitas,
1273 3283 1323 3337 per
1345 3268 1461 3338 seipsam
1484 3272 1620 3337 essentia,
1639 3288 1693 3343 per
1715 3272 1822 3343 serpae

195 3360 318 3412 cientibus
330 3368 353 3412 et
365 3373 416 3412 noa
429 3358 457 3411 ia
470 3356 507 3411 cis
525 3355 666 3409 subsistens
678 3355 809 3407 credatur.
822 3353 921 3407 Moneri
931 3354 983 3406 ito·
1032 3360 1099 3422 rita,
1114 3373 1162 3426 per
1176 3358 1291 3427 seipsam
1304 3358 1452 3427 sapientia.
1465 3373 1515 3427 per
1523 3360 1643 3428 seipsam
1659 3362 1769 3427 veritas,
1780 3376 1823 3433 prr

194 3464 245 3517 pue
260 3446 388 3500 Divinitas
401 3446 515 3509 elicitur,
527 3460 608 3498 caesa
621 3444 714 3514 quippe
724 3452 772 3507 est,
787 3459 833 3511 per
842 3459 917 3513 pacm
927 3460 983 3496 mo-
1032 3449 1147 3516 scipsam
1164 3446 1333 3511 intellectus,
1347 3461 1396 3516 per
1411 3447 1527 3516 seipsam
1542 3451 1633 3516 ratio,
1652 3450 1820 3525 pesoeignsss

194 3537 258 3590 dunt
280 3535 396 3590 subsistit
418 3533 610 3604 irrpnisitiorsis;
632 3548 694 3586 nara
716 3533 772 3586 sisse
790 3532 981 3584 illuminatione
1031 3539 1132 3601 virtus,
1146 3552 1196 3608 per
1206 3536 1321 3607 seipsam
1334 3537 1458 3606 institia,
1474 3555 1524 3609 per
1538 3542 1661 3610 seipsam
1673 3544 1763 3610 astas,
1773 3558 1818 3615 per

192 3625 290 3680 iutrseri
320 3623 484 3678 Diuiaitotcas
507 3619 705 3689 impossibilium
722 3630 769 3673 cst.
794 3619 860 3672 ltcm
886 3619 982 3671 elicitur
1032 3630 1148 3698 seipsam
1167 3627 1338 3696 pippinianae,
1351 3644 1400 3698 per
1413 3632 1531 3701 seipsam
1544 3634 1762 3705 onsnipuseatia,
1777 3648 1821 3704 per

115 3763 121 3774 .
193 3714 598 3787 rrsooeripermanilestotionem
613 3709 809 3780 particulariter
820 3708 980 3778 perfectioris
1031 3717 1146 3787 seipsam
1159 3717 1317 3782 aeternitas,
1328 3733 1376 3788 per
1387 3719 1503 3788 seipsam
1519 3732 1731 3790 palmatorum-3
1744 3724 1820 3777 rista

192 3809 226 3862 sle
239 3810 297 3878 ipsa
312 3805 421 3860 rationis
434 3804 575 3858 meandum
591 3816 694 3855 sacram
711 3798 875 3868 Scripseram
892 3800 924 3851 ab
938 3801 980 3854 ia·
1031 3818 1110 3864 teser
1122 3809 1332 3878 pertimescens
1346 3811 1432 3863 semel
1441 3819 1470 3863 et
1479 3811 1561 3865 simul
1573 3812 1658 3869 Pater
1671 3815 1735 3871 lecit
1744 3815 1770 3869 iss
1780 3813 1818 3868 Fi·

191 3900 303 3954 cisoantc
317 3898 422 3953 Patrem
432 3897 547 3965 confiteri
559 3906 581 3949 et
599 3902 763 3963 promorcme
776 3893 810 3946 ari
823 3891 846 3923 ¹⁰
856 3893 980 3960 confiten-
1031 3896 1078 3959 lio,
1090 3908 1117 3951 et
1129 3897 1275 3951 seeundum
1289 3885 1358 3966 quas
1369 3898 1437 3952 ursio
1451 3900 1572 3954 unsssium
1587 3918 1682 3957 rernm
1694 3919 1710 3958 s
1720 3920 1815 3960 moron
1859 3932 1861 3939 ·

191 3982 981 4050 danscurrrPutreFilium,etcumPatreetl'ilioSpirrtum
1031 4002 1117 4055 sssspse
1144 3987 1269 4041 deorsum
1296 3987 1409 4052 texitur,
1434 3989 1485 4044 lsoc
1504 3998 1561 4054 est,
1589 3992 1624 4047 ab
1651 3991 1816 4051 inteiioemsti
1859 4010 1861 4033 ι

192 4084 314 4129 sssrrctnm
328 4075 519 4142 accipiendum,
531 4083 554 4127 et
568 4073 712 4126 coadorare
724 4073 839 4125 eruditos
849 4071 978 4139 pulsarste,
1031 4087 1166 4141 creatura,
1183 4093 1252 4146 spirae
1270 4077 1325 4132 Deo
1340 4087 1400 4147 post
1415 4080 1498 4132 mum
1518 4081 1648 4148 prasina
1664 4092 1720 4147 est,
1739 4096 1815 4153 umas
1859 4148 1861 4159 Ι

193 4162 337 4217 trinitatem
346 4161 486 4232 perlectam
499 4162 528 4214 in
541 4162 642 4214 unitate
653 4160 779 4230 perlecto,
790 4160 819 4214 ta
838 4168 886 4222 est,
901 4175 981 4212 unam
1031 4168 1231 4223 adextranmm
1247 4183 1337 4222 perum
1351 4170 1627 4239 omppumofppmm·
1643 4186 1701 4243 w
1712 4186 1813 4242 “W
1859 4170 1861 4227 ς

191 4252 331 4307 essentiam
345 4262 369 4305 et
383 4251 505 4305 deitatem
527 4263 551 4306 et
573 4252 714 4318 potentiam
727 4259 751 4304 et
764 4251 940 4320 operationem
952 4251 981 4302 in
1031 4257 1211 4312 aorisinentur.
1228 4257 1410 4329 staecnmpte
1420 4261 1491 4314 euim
1506 4262 1575 4316 bona
1590 4273 1669 4330 snat,
1679 4264 1813 4337 parumpe-
1859 4252 1861 4261 '

192 4343 276 4396 subus
297 4342 458 4397 saisrorniis.
485 4340 534 4397 llis
557 4342 647 4413 itaque
670 4342 703 4397 sle
730 4355 835 4396 summa
860 4341 980 4395 osrsnimn
1032 4348 1104 4401 stopie
1121 4362 1169 4416 par
1183 4364 1212 4403 sa
1227 4349 1399 4405 bom⁸⁹bona
1414 4359 1491 4416 simp
1504 4362 1812 4427 epqufflnqoem

192 4446 274 4486 causa
288 4446 429 4487 causarum
442 4434 589 4487 secumlum
601 4433 763 4501 parvitatem
774 4440 883 4486 nostrae
894 4432 981 4485 inten-
1034 4437 1134 4491 sialiter
1155 4447 1184 4492 ct
1203 4439 1417 4493 substantialiter
1436 4439 1597 4506 smrsistunt,
1616 4444 1812 4515 partietpasiaoe

190 4521 289 4585 tionis,
302 4535 410 4589 qssoquo
420 4522 500 4576 sssouo
514 4521 569 4576 sint
579 4523 613 4587 ⁸¹,
628 4521 806 4593 investigatis,
822 4535 875 4575 non
891 4533 980 4575 autem
997 4494 1020 4551 ⁰
1035 4528 1118 4596 ipsius
1131 4541 1180 4596 per
1191 4530 1309 4597 seipsam
1319 4530 1452 4585 essentiae
1465 4530 1633 4599 subsistunt,
1645 4547 1811 4604 gunemars
1859 4592 1861 4609 Ι

192 4621 297 4665 temere
312 4612 440 4676 debiritis,
454 4615 487 4667 ast
501 4613 688 4682 prisuurtliales
705 4628 811 4677 causas,
829 4613 900 4666 cirea
912 4626 980 4680 tpnas
1033 4618 1136 4682 rirsmt,
1153 4619 1359 4689 participatione
1378 4620 1557 4689 perseipsum
1576 4623 1651 4678 ritae
1668 4626 1811 4694 ritsmpte

191 4709 284 4753 ΜΝ
306 4698 451 4767 insiliam
474 4710 616 4767 *emittit
639 4703 815 4758 resleusnlusn.
836 4701 911 4756 Dtsc·
926 4702 980 4756 lle·
1033 4708 1131 4762 sinent.
1146 4707 1811 4788 Similiterquaecumpuesupinaretintelligamet

194 4787 330 4840 sleusmum
346 4802 427 4854 sasse;
446 4790 512 4843 satis
526 4790 598 4844 enim
611 4791 634 4823 ²¹
649 4795 682 4846 sle
696 4795 738 4847 bis
751 4802 793 4847 est
807 4802 907 4847 actum.
1031 4796 1202 4851 rationabilia
1212 4808 1284 4862 sunt,
1298 4800 1504 4868 participatione
1515 4816 1563 4872 per
1578 4805 1699 4874 seipsam
1714 4806 1810 4876 sapien-

229 4876 274 4929 tte.
292 4873 363 4929 ttae.
379 4875 482 4931 Causae
497 4879 588 4945 itsrspne
599 4880 787 4947 primordiales
808 4890 884 4943 sunt,
907 4880 979 4949 ptrosl
1031 4887 1094 4952 tiae,
1114 4898 1142 4942 et
1159 4904 1207 4958 per
1225 4891 1341 4959 seipsam
1363 4892 1572 4962 intelligentiae,
1593 4905 1621 4951 et
1639 4912 1691 4966 per
1705 4900 1810 4967 stipes·

191 4969 221 5018 ct
248 4962 276 5017 in
296 4965 518 5033 praecellentibus
544 4966 677 5031 slixeram,
699 4984 766 5035 spiras
790 4969 885 5024 Graeci
905 4971 979 5025 iaicas
1030 4978 1145 5031 rationis
1156 4979 1363 5049 pmticipatione
1378 4983 1496 5049 sapiunt,
1513 4992 1541 5039 et
1556 4985 1725 5055 intelligunt,
1737 4997 1811 5041 etra-

191 5062 300 5115 vocant,
315 5052 366 5107 ltue
382 5055 921 5121 est,speciesrellbrsnasaeteruas¹⁸et
937 5063 978 5114 in·
1031 5067 1204 5122 timimpppr,
1237 5070 1336 5124 finirem
1370 5073 1451 5126 ,popo
1477 5076 1510 5128 ,pe
1539 5078 1643 5132 (Ἔρως
1664 5079 1810 5135 gimpa..

194 5144 399 5201 cosrsmutabilcs
412 5148 541 5210 sationes,
557 5151 702 5202 secunlum
715 5163 791 5217 qrtas,
803 5161 831 5204 et
842 5151 867 5204 in
883 5152 979 5220 qssilrus
1032 5154 1110 5212 Nulla
1125 5159 1256 5227 sisprislem
1270 5160 1364 5225 virtus,
1381 5161 1438 5215 sire
1449 5163 1596 5231 generalis,
1613 5167 1672 5222 sire
1683 5165 1812 5238 specialit,

834 5279 961 5336 varstan
978 5282 1176 5342 LecttottES.

208 5388 463 5471 attaminatur..
491 5389 544 5441 ¹sit
564 5388 664 5442 ortui).
704 5390 897 5458 'Ainlinitue
928 5393 1084 5477 'lbpuunn
1123 5401 1360 5471 “Aprerseipsrmn
1399 5405 1649 5474 ‘ileonrnpisrem
1688 5411 1815 5481 ’tasse-

191 5469 269 5511 rrtur.
306 5459 518 5525 ‘Aappetrtun
556 5460 710 5524 ’scirpia
749 5462 1027 5531 ¹⁰Aeornupracnm'.
1066 5468 1120 5520 “A
1144 5470 1170 5522 in
1196 5490 1249 5523 snm
1274 5475 1304 5526 (J.
1344 5474 1401 5526 ”A
1422 5481 1606 5543 rrsrpuetriurtu
1631 5492 1701 5535 stat.
1740 5482 1815 5538 ”stc

191 5528 354 5603 uerteretur.
392 5530 414 5558 ¹·
434 5527 596 5612 sircurana.
636 5530 805 5607 ¹⁸1lprirrso.
845 5532 1049 5601 ''Aprcrmoren
1089 5538 1139 5590 ”il
1163 5558 1251 5607 supere
1273 5560 1397 5611 serranum.
1434 5547 1490 5598 “A
1513 5549 1720 5615 sipisilicntisae.
1758 5554 1815 5609 ”l

192 5604 453 5689 ppasserstrmssmpue.
491 5598 592 5651 ¹⁰btrs.
630 5599 740 5683 ’Ἰρειικ
779 5600 1068 5683 ”Sicubllsmnunn
1104 5610 1162 5686 J³sl
1179 5621 1309 5663 aetcnmc.
1347 5615 1400 5665 ”A
1417 5629 1517 5669 nocant.
1557 5618 1814 5686 ”Siclntllssbis-

155 5688 164 5709 ο
227 5666 363 5717 austra.
401 5668 607 5721 ‘lanistarum
646 5672 854 5726 ¹·¹annturn.ll.
893 5679 1064 5729 ‘intrusum
1103 5678 1340 5744 ⁰⁹2lborsi,uerse.
