3984 6534
506 416 550 473 nn
568 397 736 476 nntstonn
755 416 929 478 aaronis.
946 449 983 464 -
998 420 1100 477 crasa
1118 419 1277 478 scurrus.

1652 432 1704 490 666

155 539 243 582 tsecus
252 525 400 595 accepisse,
414 528 476 598 quia
492 537 569 583 extra
584 528 658 585 illum
674 531 741 586 nihil
755 542 808 597 est,
821 533 864 587 vel
877 541 902 600 Α
915 548 991 600 esse,
1006 520 1034 589 et
1058 542 1136 600 suut,
1151 543 1255 614 etpvere
1278 547 1311 617 ac
1333 548 1441 606 semper
1463 537 1552 596 lutura
1576 552 1653 610 suut,
1677 544 1704 600 ia

165 632 195 674 se
211 632 263 672 arou
280 618 288 649 ¹
310 619 485 675 coessentiale
508 620 559 697 sibi
574 623 706 692 reperisse
721 635 747 690 ¹,
763 624 796 680 de
810 640 863 695 quo

155 715 175 764 et
188 708 214 762 in
229 706 362 777 sapientia
376 722 433 770 sua,
450 723 519 778 quae
532 708 590 765 heri
605 710 616 742 ⁸
629 712 721 768 uoluit.

169 796 287 852 Proinde
310 810 363 850 non
389 796 566 867 daturiocus
591 799 685 866 nihilo,
711 816 761 857 nec
775 811 862 868 extra,

155 897 219 948 ntra
233 890 333 956 licum;
353 898 379 946 et
394 899 482 949 tamen
497 892 530 947 de
545 893 628 948 nihilo
650 896 741 950 omnia
755 895 861 963 iecisse,

155 981 179 1037 'ur
201 996 301 1037 nauum
322 981 452 1037 creditur.
466 983 565 1053 hepar
577 984 629 1039 boc
646 985 684 1039 nil
697 985 769 1040 aliud
785 989 863 1041 datur

155 1072 199 1145 igi,
213 1073 276 1128 dum
289 1072 423 1138 andimus,
441 1073 532 1129 omnia
546 1075 579 1131 de
595 1075 679 1132 nihilo
693 1078 792 1143 creari,
809 1077 861 1133 nisi

161 1173 237 1231 erat,
252 1165 360 1235 quando
383 1180 437 1221 non
458 1174 544 1220 eraut.
558 1166 674 1237 ideoque
694 1183 747 1223 nou
766 1168 862 1224 iueou·

155 1256 280 1323 dicimus,
302 1246 409 1327 semper
423 1264 518 1323 erant,
542 1273 649 1329 semper
663 1275 715 1315 uon
730 1269 816 1326 eraut,
835 1268 862 1316 et

155 1353 209 1401 crat
222 1346 330 1416 quando
344 1360 397 1400 nou
412 1355 490 1400 erant
502 1346 524 1411 ⁸,
540 1355 567 1401 et
583 1347 690 1415 quaudo
702 1364 755 1404 non
773 1359 859 1415 erant,
888 1346 890 1350 ’

166 1433 305 1504 Siquidem
321 1448 428 1503 semper
440 1444 518 1489 erant
539 1434 566 1489 iu
589 1433 676 1492 l'erbo
695 1438 742 1492 bei
767 1453 861 1493 causa-

163 1522 190 1578 vi
204 1534 232 1578 et
248 1517 406 1594 potestate·
423 1523 493 1578 ultra
508 1525 598 1580 omnia
616 1526 672 1582 loca
687 1536 860 1598 attempero,

155 1629 260 1671 amnem
279 1615 479 1686 generationem
496 1616 617 1672 localiter
635 1627 661 1673 et
678 1620 862 1689 temporaliter

155 1723 169 1763 n
187 1708 210 1774 ⁸,
230 1707 300 1763 ultra
320 1723 427 1763 ontnctn
442 1706 557 1763 termam
574 1711 629 1765 ac⁷
646 1713 762 1780 speeiem
779 1726 860 1766 seusu

155 1800 254 1857 ellectu
270 1801 422 1873 cognitam,
437 1799 507 1855 ultra
531 1816 638 1857 omnem
653 1801 809 1872 qualitatem
832 1811 858 1857 et

915 625 1085 694 quantumin
1107 626 1161 680 suis
1180 625 1268 681 causis
1279 625 1439 683 subsistunt.
1453 629 1481 684 lu
1496 641 1626 701 quantum
1640 650 1705 691 uero
1727 638 1731 647 “

914 717 941 770 in
964 717 1166 783 accidentibus,
1189 732 1259 788 quae
1279 718 1320 774 eis
1341 719 1510 778 extrinsecus
1531 725 1703 797 contingunt,

914 805 1042 861 dicuntur
1062 821 1132 871 esse,
1147 821 1198 861 nec
1221 815 1309 861 umen
1333 823 1408 873 vere,
1430 825 1480 865 nee
1500 826 1606 883 semper
1627 820 1701 871 sunt.

915 894 1058 953 Solventur
1071 897 1091 928 ¹⁷
1103 896 1173 951 eninr
1187 896 1214 951 iu
1235 911 1282 960 ea,
1298 912 1332 953 cx
1352 899 1450 968 quibus
1465 911 1601 970 amurnpta
1622 912 1702 973 suot,

913 986 941 1040 in
956 986 1052 1056 quibus
1067 1000 1130 1041 vere
1143 994 1169 1041 et
1191 1000 1297 1055 semper
1318 994 1395 1052 sunt,
1410 990 1517 1057 quando
1532 991 1620 1046 nuruis
1639 993 1705 1048 sub·

914 1078 1011 1133 stantia
1024 1076 1058 1131 ab
1071 1077 1196 1132 omnibns
1208 1078 1428 1149 corrtrptibilibus
1443 1080 1627 1136 accidentibus
1637 1097 1701 1152 pur·

913 1169 1030 1239 gabitur,
1045 1176 1072 1222 et
1092 1169 1126 1222 ab
1145 1169 1281 1235 omnibus,
1304 1183 1372 1238 cquae
1393 1170 1426 1224 ad
1446 1178 1544 1225 statum
1559 1187 1624 1227 suae
1639 1186 1702 1243 pro·

912 1257 988 1326 price
1005 1265 1118 1311 naturae
1134 1272 1188 1312 uon
1210 1259 1335 1323 attinent,
1356 1259 1521 1324 absolvetur,
1544 1261 1608 1316 solis
1624 1273 1701 1317 uatu-

914 1352 1016 1409 ratibus
1030 1353 1174 1408 virtutihus
1189 1353 1297 1427 decora,
1312 1352 1447 1409 insolubili
1471 1353 1661 1423 simplicitate,
1673 1364 1700 1410 et

912 1444 940 1498 iu
954 1443 1008 1507 his,
1022 1442 1068 1513 qui
1081 1443 1143 1498 boni
1157 1451 1229 1508 suut,
1243 1441 1320 1498 donis
1331 1443 1435 1513 gratiae
1450 1451 1560 1509 ornata,
1574 1453 1701 1500 aeternae

911 1531 1085 1589 beatitudinis
1107 1533 1378 1603 contemplationibus
1402 1532 1473 1587 ultra
1496 1548 1603 1588 omnem
1624 1542 1703 1588 uatu-
1763 1568 1767 1575 -

912 1637 986 1688 ram,
1010 1630 1038 1678 ct
1059 1636 1147 1690 suam,
1159 1623 1315 1694 glorificata,
1329 1623 1411 1693 inque
1430 1623 1517 1693 ipsum
1541 1625 1623 1678 betam
1637 1639 1702 1680 conu

911 1728 1000 1779 uersa,
1026 1713 1150 1783 Deosque
1171 1730 1224 1769 non
1246 1724 1352 1779 natura,
1376 1713 1424 1769 sed
1444 1714 1529 1783 gratia
1551 1712 1631 1769 iacta.
1653 1712 1701 1770 iiis

913 1806 1005 1875 itaque
1029 1805 1180 1861 rationibus
1203 1805 1400 1872 consideratis,
1422 1806 1482 1875 quis
1506 1805 1557 1860 nisi
1586 1805 1699 1860 nimium

155 1891 266 1959 itatem,
287 1899 432 1961 ceteraque
457 1892 624 1957 accidentia,
638 1907 687 1962 per
703 1908 772 1962 quae
794 1894 857 1949 sub·
873 1890 896 1949 tt
910 1897 1004 1951 tardus
1023 1905 1070 1951 aut
1091 1896 1203 1951 nimium
1220 1895 1403 1951 courtentiosus
1416 1910 1469 1950 nou
1482 1882 1629 1961 concedat,
1642 1910 1717 1950 oms

155 1980 400 2052 unuiuscujusque
424 1992 565 2038 creaturae
594 1982 750 2054 intelligitur
781 2000 857 2052 esse,

164 2083 265 2140 antem,
278 2075 341 2145 quid
354 2075 399 2128 sit.
413 2075 446 2128 Et
459 2088 566 2142 semper
588 2090 640 2130 nou
657 2085 748 2140 erant;
769 2076 858 2146 prius·

163 2165 237 2222 enim
257 2178 305 2236 per
317 2166 518 2237 generationem
535 2164 561 2218 in
580 2163 681 2220 iormas
698 2175 726 2219 et
741 2168 857 2237 species,

155 2264 185 2313 et
210 2264 349 2327 tempora,
375 2256 456 2326 inque
479 2255 570 2310 omnia
594 2256 764 2322 accidentia,
790 2273 858 2326 quac

155 2361 194 2403 tae
209 2361 302 2402 eorum
322 2326 489 2401 subsiautiae
502 2345 528 2399 in
542 2344 629 2400 Verbo
644 2345 690 2398 ilci
710 2344 859 2400 iucommu-

155 2435 220 2493 iiter
243 2435 404 2493 substitutae
428 2434 570 2499 accidunt,
596 2435 780 2505 profluerent,
804 2451 856 2490 non

155 2530 184 2584 in
197 2529 380 2602 generatione,
399 2543 448 2583 nec
461 2529 471 2561 ⁹
483 2536 562 2582 eraut
578 2527 710 2596 localiter,
726 2544 775 2585 nec
790 2538 858 2584 tem-

155 2626 203 2683 ler,
225 2630 274 2672 uec
292 2616 318 2670 in
340 2616 456 2687 propriis
475 2614 568 2670 turmis
582 2618 784 2687 speciebusque,
799 2618 858 2687 qui-

155 2707 281 2764 rcidentia
295 2707 463 2777 contingunt.
477 2706 515 2760 hc
536 2722 585 2777 per
606 2708 656 2762 hoe
675 2722 728 2761 rrou
748 2708 856 2762 irmtio-

155 2810 194 2872 ter
213 2801 299 2855 decis
320 2799 572 2869 praedicaminum
591 2806 666 2864 erat,
680 2798 856 2868 quandonam

155 2907 160 2956 ;
185 2889 370 2960 temporaliter
385 2889 458 2943 enim
474 2888 668 2943 inchoaverunt
681 2903 729 2956 per
742 2904 856 2958 genera-

155 2997 170 3033 u
184 2981 326 3050 essequod
341 2995 394 3035 non
412 2988 505 3042 eraut,
522 2979 584 3048 quia
606 2992 712 3048 semper
725 2978 752 3032 in
768 2977 855 3032 l'erho

155 3069 290 3135 obsistunt,
307 3071 333 3124 iu
347 3085 400 3140 quo
412 3085 461 3124 nec
477 3083 537 3124 esso
551 3068 682 3138 incipiunt
696 3067 717 3098 ¹⁰
731 3083 739 3133 ;
752 3065 856 3121 indulta

155 3160 206 3213 rim
234 3159 384 3215 aeternitas.
405 3158 439 3214 Et
460 3168 519 3214 erat
552 3159 659 3229 quando
679 3173 733 3212 non
759 3165 853 3221 erattt;

910 1984 964 2049 nia,
981 2000 1052 2055 quae
1065 2001 1099 2041 ex
1121 1988 1177 2042 ilco
1197 1994 1269 2050 strnt,
1290 1993 1317 2038 et
1335 1983 1357 2018 ¹⁸
1369 1992 1478 2040 aeterua
1499 1984 1652 2042 simulasse
1672 1992 1703 2042 ct

908 2075 999 2132 iacta?

946 2169 989 2224 to.
1010 2169 1084 2224 bisc.
1111 2167 1181 2223 llaec
1203 2166 1267 2221 nrilri
1288 2165 1415 2235 perplane
1437 2178 1517 2219 suasa
1543 2174 1616 2221 sunt.
1640 2166 1700 2223 Non

910 2269 999 2315 tamen
1022 2260 1110 2315 omnis
1131 2259 1292 2327 ambiguitas
1312 2272 1344 2311 ex
1359 2270 1401 2309 tue
1416 2255 1503 2329 adhuc
1523 2254 1627 2325 repulsa
1647 2265 1697 2312 est.

908 2353 986 2421 Qtrod
996 2353 1068 2408 euim
1084 2351 1105 2382 ¹⁰
1117 2350 1218 2415 dixisti,
1231 2359 1373 2419 propterea
1394 2348 1498 2413 urrrrria,
1511 2363 1580 2418 quae
1590 2364 1622 2404 ex
1643 2349 1700 2404 Deo

909 2455 989 2509 snut,
1005 2450 1032 2497 et
1055 2453 1163 2497 aeterra
1179 2449 1206 2495 et
1221 2440 1291 2496 iacta
1311 2448 1388 2505 suut,
1411 2439 1474 2509 quia
1498 2439 1626 2494 iullurbo
1648 2439 1698 2494 bei

909 2541 1021 2587 aeterna
1045 2541 1123 2596 suut,
1140 2540 1184 2597 et,
1208 2540 1237 2584 ut
1261 2529 1299 2584 ait
1322 2536 1430 2585 sauctus
1444 2527 1629 2599 Augustinus,
1647 2543 1698 2582 non

908 2622 980 2690 [acta
1003 2619 1208 2675 substantialiter
1223 2618 1372 2682 existentia,
1392 2616 1568 2687 temporaliter
1581 2633 1640 2671 uero
1653 2632 1700 2686 per

907 2713 1099 2782 generationem
1123 2711 1149 2763 in
1173 2709 1258 2778 {orara
1281 2719 1304 2763 et
1324 2707 1456 2777 speciebus
1477 2717 1500 2762 et
1522 2705 1698 2761 accidentibus

908 2802 989 2870 sacta,
1003 2802 1107 2858 sublata
1127 2801 1199 2855 ouini
1213 2801 1388 2866 ambiguitate
1408 2798 1552 2868 perspicio.
1567 2798 1698 2864 Quoniam

908 2906 972 2945 tero
987 2892 1173 2960 scriptumest
1189 2906 1195 2941 ε
1212 2889 1246 2943 la
1258 2889 1386 2960 principio
1398 2889 1459 2957 [ecit
1473 2887 1545 2942 Deus
1559 2886 1659 2942 caetum
1673 2894 1698 2940 et

907 2994 1026 3050 terrum,
1044 2982 1204 3038 e120nnria
1225 2980 1352 3050 rapientia
1372 2980 1470 3049 (scisti,
1497 2993 1577 3047 cogor
1601 2977 1697 3044 lateri,

907 3076 996 3128 amula
1007 3072 1034 3126 ia
1053 3070 1138 3126 Verbo
1152 3071 1233 3126 Deiet
1246 3069 1269 3112 ¹⁹
1280 3075 1422 3123 aeteruaet
1433 3067 1504 3120 tacta
1516 3081 1585 3121 esse.
1600 3064 1711 3122 Omnia

907 3162 1094 3218 dicavisibiiia
1117 3171 1144 3218 et
1169 3160 1329 3225 invisibilia,
1346 3156 1502 3225 temporalia
1523 3163 1550 3209 et
1573 3164 1695 3221 aeterna,

155 3252 253 3307 naliter
274 3251 345 3307 euim
365 3241 560 3306 inchoaverunt
582 3264 631 3318 per
654 3247 856 3320 generationem
870 3247 893 3309 C
908 3266 1002 3307 omnes
1019 3251 1208 3321 primordiales
1222 3263 1317 3306 causas
1337 3261 1399 3302 cum
1421 3243 1717 3318 omutnusetteathus

156 3344 211 3400 uod
226 3359 279 3399 non
293 3352 381 3409 erant,
391 3345 444 3399 hoe
457 3351 507 3405 est,
522 3343 547 3396 in
563 3340 659 3395 torturis
675 3348 702 3395 et
715 3339 855 3408 speciebus

155 3449 209 3489 cre.
224 3432 339 3489 Proinde
360 3434 459 3503 siquis
479 3422 603 3486 naturam
620 3445 710 3486 rerum
737 3430 856 3484 intentus

155 3523 244 3589 exerit,
266 3515 338 3578 uuila
363 3531 488 3578 creatura
503 3521 524 3552 ¹¹
545 3518 668 3575 sensibus
689 3515 854 3574 seuinteite·

166 3614 344 3669 succumbens
358 3612 516 3682 reperietur,
531 3612 564 3666 de
576 3625 628 3680 qua
649 3608 784 3663 ueraciter
800 3607 853 3663 dici

155 3703 233 3766 ossit,
248 3717 355 3772 semper
367 3708 435 3767 erat,
449 3709 477 3755 et
497 3709 556 3765 est,
577 3698 681 3764 eterit,
701 3706 729 3752 et
748 3712 855 3767 semper

155 3803 207 3860 rat,
220 3809 271 3849 nec
292 3802 343 3858 est,
362 3807 411 3848 nec
434 3792 497 3847 erit.
514 3789 652 3860 Siquidem
677 3789 854 3844 incommuta·

166 3895 195 3949 et
212 3894 282 3952 erat,
295 3894 323 3941 et
339 3894 391 3951 est,
405 3896 432 3940 et
450 3885 502 3957 erit
525 3884 581 3953 ipsa
593 3883 680 3953 prima
698 3880 854 3937 constitutio

155 3978 239 4033 ientia
253 3978 300 4032 Ilei
322 3992 371 4047 per
391 3973 578 4046 primordiales
592 3988 705 4038 causas;
728 3972 776 4026 sed
790 3971 853 4041 quia

155 4069 300 4126 constitutio
315 4067 365 4123 soli
388 4067 444 4122 beo
463 4065 570 4137 cognita
584 4070 643 4127 est,
657 4077 817 4132 omnemque
832 4063 853 4102 ¹¹

155 4174 175 4215 n
195 4167 223 4215 ct
244 4157 409 4213 intellectum
432 4157 514 4212 totius
535 4163 676 4210 creaturae
697 4160 853 4222 superat,a

158 4267 193 4309 ne
204 4253 290 4307 adlruc
304 4251 439 4306 intellectu
451 4256 543 4304 creato
555 4245 680 4316 cognosci
690 4252 779 4315 potest
790 4243 853 4312 quid

155 4343 220 4414 cipit
234 4359 282 4413 per
301 4341 503 4414 generationem
525 4337 708 4408 temporaliter
731 4335 853 4403 accipere

155 4433 231 4487 itates
241 4440 268 4486 ct
280 4431 436 4503 qualitates,
448 4430 475 4484 in
490 4429 587 4500 quihus
598 4425 679 4481 ueluti
693 4423 852 4495 quibusdam

155 4523 237 4578 tentis
247 4531 341 4593 operta
354 4523 376 4557 ¹³
388 4528 477 4591 potest
490 4516 674 4582 manifestare,
695 4516 756 4585 quia
767 4525 808 4570 est
819 4515 852 4580 ¹³,

907 3343 973 3408 suis,
989 3343 1086 3414 quibus
1096 3343 1163 3396 ordo
1177 3340 1329 3396 seculorum
1343 3335 1466 3392 localiter
1474 3343 1502 3391 et
1514 3334 1698 3404 temporaliter·

906 3437 1054 3506 peragitur,
1068 3443 1097 3490 et
1110 3436 1225 3490 muudus
1248 3434 1298 3488 iste
1318 3430 1434 3487 risibilis
1457 3429 1581 3500 impletur
1593 3430 1626 3484 ⁸¹.
1643 3427 1697 3484 Sed

906 3525 1040 3594 quomodo
1061 3531 1150 3594 potest
1172 3524 1223 3579 boc
1248 3520 1346 3577 rationi
1370 3520 1532 3585 conuenire,
1549 3519 1583 3574 ad
1597 3532 1694 3589 purum

905 3631 959 3671 non
972 3614 1049 3671 valeo
1063 3614 1226 3687 perspicere.
1240 3612 1310 3668 lito.
1331 3610 1449 3666 Putasne
1475 3609 1572 3680 igitur,
1587 3623 1630 3665 me
1647 3609 1695 3664 do-

905 3721 967 3764 cere
990 3706 1123 3772 uoluisse,
1137 3705 1244 3770 omnia,
1261 3704 1431 3774 inquantum
1453 3707 1562 3756 aeterua
1576 3699 1693 3766 sunnin

905 3795 995 3853 Verbo
1009 3795 1057 3851 Dei
1073 3794 1211 3864 unigenito
1223 3801 1333 3847 aeterna
1346 3805 1406 3845 esse
1420 3806 1427 3856 ;
1444 3789 1471 3843 in
1484 3798 1613 3857 quantum
1627 3805 1694 3844 vero

905 3887 976 3942 tacta
1000 3893 1081 3950 sunt,
1104 3892 1182 3938 extra
1206 3881 1323 3937 Verbum
1347 3879 1419 3933 taeta
1445 3879 1523 3933 esse?
1541 3877 1600 3932 Non
1621 3877 1695 3935 euim

905 3976 1051 4040 aestimas,
1072 3970 1222 4028 rationibus
1242 3969 1364 4024 veritatis
1387 3968 1547 4034 conuenire,
1563 3967 1695 4026 urrtversi·

905 4076 989 4121 tatem
1003 4063 1127 4121 conditae
1143 4071 1258 4117 naturae
1272 4061 1299 4115 in
1314 4061 1402 4117 Verbo
1414 4069 1441 4115 et
1459 4071 1595 4116 aeternam
1614 4057 1696 4117 simul

904 4168 932 4213 et
946 4158 1056 4214 tactam.
1069 4158 1142 4212 bisc.
1157 4155 1215 4211 Non
1231 4154 1372 4225 putabam,
1385 4161 1410 4207 tc
1424 4153 1463 4208 sie
1485 4152 1617 4209 docuisse.
1634 4150 1692 4209 Non

904 4249 976 4302 euim
990 4247 1120 4312 aestimo,
1135 4245 1216 4301 ullum
1239 4253 1313 4301 recte
1326 4242 1569 4314 philosophantium
1584 4250 1693 4312 putare,

905 4337 987 4392 totius
1009 4337 1194 4392 universitatis
1216 4345 1320 4405 partem
1335 4334 1362 4386 iu
1380 4331 1466 4388 Verbo
1482 4332 1529 4385 Dei
1552 4339 1690 4384 aeteruum

868 4422 870 4427 ’
904 4429 1061 4490 subsistere,
1084 4433 1190 4495 partem
1212 4432 1290 4477 extra
1306 4419 1422 4474 Verbum
1447 4416 1629 4488 temporaliter
1653 4418 1693 4473 in-

904 4530 987 4576 etam.
1013 4518 1079 4573 Nam
1109 4513 1283 4585 nequesiuit
1307 4525 1355 4565 tros
1380 4510 1443 4563 talia
1470 4510 1588 4580 cogitare
1613 4525 1691 4564 sacra

155 4623 225 4670 ulem
237 4614 302 4685 quid
315 4614 358 4668 sil.
375 4612 485 4666 ittchottl
497 4623 561 4678 ergo
573 4606 771 4678 allodamsswdo
782 4621 851 4670 0⁵⁵8,
867 4603 892 4663 D
906 4611 1056 4680 Scriptura,
1070 4623 1139 4677 quae
1152 4606 1216 4661 dicit
1229 4605 1255 4658 iu
1268 4601 1374 4657 Psalmo
1390 4618 1397 4655 ε
1414 4600 1510 4655 Omnia
1524 4617 1550 4653 ar
1563 4601 1691 4669 sapientia

155 4717 299 4780 rquantom
313 4709 339 4762 in
353 4707 442 4764 causis
455 4702 673 4776 primordialibus
687 4703 708 4734 ¹¹
721 4702 853 4766 subsistit,
904 4701 987 4770 fecisti
995 4717 1004 4765 ,·
1020 4699 1047 4754 iu
1061 4697 1158 4754 Genesi
1175 4713 1181 4748 :
1195 4695 1227 4749 iu
1246 4692 1374 4764 prirrerpio
1392 4691 1452 4761 fecit
1471 4691 1539 4744 Deus
1552 4690 1652 4744 caetum
1667 4703 1691 4746 rt

155 4816 162 4854 ι
182 4808 311 4869 quantum
331 4812 364 4853 ex
388 4795 477 4853 causis
502 4794 694 4863 temporalibus
717 4793 738 4823 ¹⁸
762 4792 856 4861 incipit
903 4788 1191 4859 terrarnahpostoius:
1206 4783 1690 4855 inquo,iuquit,creatasautomnia,

155 4907 206 4948 ete.
219 4892 320 4948 Causas
341 4900 430 4945 antem
453 4886 613 4957 temporales
634 4885 694 4941 dico
709 4883 850 4954 qualitates
902 4897 968 4951 qrtae
981 4887 1040 4934 auat
1054 4878 1081 4931 in
1095 4875 1173 4930 coctis
1187 4883 1210 4928 et
1225 4890 1291 4944 quoe
1303 4873 1331 4925 in
1344 4883 1426 4936 terro,
1440 4872 1491 4925 siue
1508 4869 1619 4926 visibilia
1641 4871 1691 4926 sire

155 4982 320 5053 tnutateset
338 4990 438 5044 cetera,
458 4993 529 5049 quae
549 4977 705 5033 substantiis
726 4975 851 5031 accidunt
901 4969 1051 5033 inuisibilia,
1070 4968 1123 5020 siae
1139 4964 1248 5029 erroni,
1260 4965 1313 5017 rice
1325 4961 1533 5024 dominationes,
1544 4962 1596 5014 siue
1612 4959 1691 5014 Pria·

157 5075 250 5130 raliter
259 5091 308 5145 per
317 5073 526 5144 gerteratiouem.
538 5070 572 5125 Et
584 5071 643 5125 ideo
654 5072 687 5124 de
700 5069 731 5124 iis
743 5069 848 5135 dicitur,
903 5062 1015 5132 cipatas,
1029 5060 1081 5114 siue
1097 5057 1255 5120 Parentales,
1270 5054 1357 5108 omnia
1373 5069 1405 5106 en
1419 5053 1474 5124 ipro
1488 5063 1511 5105 et
1533 5068 1579 5120 per
1590 5053 1688 5121 iprum,

155 5167 243 5222 uando
254 5182 306 5222 nou
319 5173 411 5230 erattt;
424 5178 476 5218 non
490 5161 561 5216 euim
575 5176 680 5230 serraper
691 5160 717 5214 in
729 5159 839 5215 accideu
901 5162 926 5209 et
942 5154 971 5207 in
988 5152 1073 5224 iprum
1096 5159 1183 5204 creata
1204 5157 1264 5201 runt
1273 5163 1282 5210 ;
1302 5147 1329 5200 iu
1352 5144 1497 5212 Evangelio
1510 5160 1517 5197 :
1534 5141 1630 5195 Ontuia
1644 5157 1691 5210 per

155 5256 330 5328 apparebant.
350 5252 451 5309 Eadem
466 5252 571 5307 ratione
584 5259 611 5305 et
629 5264 701 5304 nunc
723 5248 849 5304 dicuntur
902 5243 987 5313 ipsuum
1000 5241 1071 5312 sacta
1083 5248 1153 5306 runt,
1167 5246 1191 5292 et
1206 5237 1262 5291 rinc
1274 5239 1330 5306 ipro
1342 5236 1441 5305 {aetram
1452 5243 1488 5288 ert
1503 5231 1587 5288 nituit:
1602 5243 1690 5301 neque

702 5397 830 5454 rantra
847 5393 1048 5453 nucrtonss.
1121 5378 1130 5411 ⁸

155 5555 262 5598 onom.
276 5539 309 5595 h.
346 5537 421 5594 ’Pro
440 5536 563 5608 reperisse
576 5533 597 5592 G
612 5551 639 5588 re
656 5531 768 5588 subaudi
783 5548 800 5584 a
813 5530 988 5600 comouritur
1002 5526 1067 5584 nihil
1089 5543 1194 5598 pensu.
1245 5520 1409 5587 ’damaim
1424 5534 1504 5592 quae.
1547 5519 1687 5592 ‘ideoque

155 5621 319 5669 reruntotu.
335 5608 365 5664 C.
416 5607 611 5677 'Cpotcstate
633 5606 731 5676 factam
748 5600 817 5655 ultra
840 5608 892 5654 cet.
938 5599 1065 5668 ⁸{actam
1085 5614 1139 5652 our.
1156 5595 1187 5651 C.
1234 5593 1321 5650 tea.
1369 5591 1504 5672 ⁸hnoni5
1551 5591 1599 5647 ’C
1623 5607 1685 5671 non.

155 5678 615 5754 poratiterenim-iacipr'untom
634 5675 665 5730 C.
715 5670 772 5724 ¹¹h
789 5679 895 5724 natura.
934 5667 1189 5723 ¹’domnamaria
1229 5663 1397 5731 “Capena
1437 5658 1688 5730 ¹⁸Sre03hqtnc

155 5762 184 5810 tt.
232 5750 331 5804 ¹'hin
352 5747 563 5819 primordialibus
582 5746 679 5801 causis.
738 5741 760 5779 ¹⁸
775 5741 798 5794 h
813 5737 1043 5808 extentporalibns
1065 5735 1161 5791 crura.
1210 5732 1231 5766 ¹⁷
1252 5730 1443 5787 ASoiuuatur.
1494 5733 1516 5765 ¹¹*
1540 5742 1562 5785 et
1585 5746 1638 5786 otti.
1653 5728 1685 5789 G.

155 5832 234 5877 retent.
272 5821 294 5851 ¹·
315 5830 339 5876 et
360 5834 413 5874 cut.
431 5819 463 5874 Α.
502 5819 522 5851 ’¹
547 5817 723 5887 peragdar—
736 5810 922 5883 impletur-om.
940 5807 970 5864 C.

404 6336 546 6511 a.
