3984 6534
882 297 1133 413 8800811101,φ
1750 354 1802 411 ιιι

209 492 332 555 Verum
351 503 403 551 res
421 484 464 549 ile
490 500 529 550 ee*
542 484 666 553 habere,
681 483 826 552 ridetur..
841 484 879 546 ln
902 479 1087 560 Derangarii
1103 477 1186 541 libro
1207 477 1243 541 de
1265 495 1355 539 sucro
1374 494 1486 552 correo,
1506 477 1567 558 qui·
1585 476 1718 559 prodii‘u.
1734 475 1796 541 lmc

170 609 290 673 titulo:
305 606 498 686 lierenporii
511 604 704 668 Turonensis
723 603 759 665 de
772 622 863 665 soora
879 619 974 665 coeno
987 598 1135 660 adversus
1157 595 1367 679 lanfrancum
1382 594 1461 657 liber
1476 597 1643 677 posterior
1658 615 1672 659 s
1691 595 1812 663 redicre

172 727 413 822 Guelsenbptono
427 726 564 805 primurn
582 723 810 788 edideruntd
833 723 872 784 F.
893 720 974 784 etii.
996 719 1053 782 Tit.
1076 717 1213 779 l'isclser
1209 714 1357 777 Berolini
1374 713 1463 787 183t,
1462 731 1513 818 p.
1532 714 1570 775 3¹1
1589 713 1668 779 haec
1686 713 1800 793 legun·
1813 757 1816 763 ·

172 851 226 910 luc
254 844 372 907 rerba.
396 845 469 905 ‹De
491 842 616 906 loanne
642 847 749 903 autem
772 856 834 903 cur
850 851 1035 902 conscissus
1049 832 1164 907 luerat
1176 840 1221 896 te
1252 832 1361 911 ipsum
1389 833 1591 933 quibusdam
1614 841 1804 917 narrantem

173 977 305 1026 cursam
323 959 552 1039 conscissionis
579 957 700 1034 audiri,
728 957 805 1039 quia
836 956 871 1019 in
898 953 1037 1036 quodam
1064 951 1174 1032 scripti
1205 951 1256 1015 sui
1283 951 1356 1015 loco
1379 950 1551 1032 posuisset,
1575 967 1624 1025 ea,
1651 969 1734 1032 quae
1763 950 1813 1014 in-

176 1076 271 1143 altari
299 1083 535 1153 consecrantur,
551 1095 614 1140 csse
629 1075 775 1164 fipurmn,
799 1075 935 1156 sipnum,
959 1074 1080 1155 pipnus
1103 1075 1250 1152 corporis
1281 1081 1310 1135 ct
1333 1071 1494 1154 conquinis
1519 1071 1684 1135 Domini.»
1714 1071 1810 1135 Hace

176 1197 286 1260 omnia
310 1196 465 1277 quadrant
490 1197 524 1260 in
539 1194 658 1257 librum
682 1192 723 1259 de
751 1209 885 1275 corpore
907 1199 940 1258 et
957 1193 1116 1273 sunguine
1139 1191 1361 1278 Domini,.qui
1392 1192 1453 1256 sub
1478 1191 1610 1255 nomine
1637 1189 1801 1256 Retramni

176 1310 369 1397 saepissima
392 1311 498 1379 editus
530 1318 589 1375 est.
619 1311 667 1378 lbi
690 1311 785 1376 enim¹
800 1312 862 1375 sub
892 1311 990 1377 linem
1011 1311 1124 1376 eidem
1149 1312 1303 1376 nocebule
1327 1313 1501 1380 identidem
1528 1323 1712 1382 occurrunt.
1742 1320 1802 1382 dc·

176 1429 263 1494 cedit
291 1428 379 1510 quod
412 1426 557 1492 becelini
572 1427 673 1492 uerba
692 1445 731 1491 ex
751 1427 909 1492 illolibro
926 1429 1060 1493 loannis
1083 1431 1168 1521 scoti
1184 1430 1375 1511 petilebaec
1395 1454 1410 1494 ε,
1428 1433 1528 1514 specio
1551 1442 1705 1515 ponuntur
1728 1435 1820 1509 istm.

174 1571 241 1619 non
255 1552 444 1626 neritotnin
466 1550 522 1616 illo
538 1547 702 1613 Retramni
721 1550 805 1613 libro
824 1549 864 1613 ad
879 1550 1013 1614 uerbum
1028 1549 1190 1628 leguntur.
1210 1551 1292 1614 Sena
1320 1550 1521 1632 porricbeci,
1540 1533 1655 1615 uiduo
1669 1553 1802 1635 scripto-

176 1694 242 1752 res,
260 1678 347 1744 inter
370 1693 454 1758 quos
476 1693 589 1758 magna
615 1676 829 1743 inlercederel
845 1677 1048 1771 ingeniorum
1074 1677 1267 1754 similitudo,
1286 1678 1355 1743 illis
1375 1676 1570 1760 praesertim.
1590 1675 1826 1758 temporibus„

177 1800 275 1865 ctiam
292 1800 328 1864 in
351 1800 461 1864 eedem
484 1797 640 1883 vocabula
664 1800 696 1861 el
719 1797 880 1877 integrum
908 1797 1110 1861 enuntiatum
1128 1813 1203 1862 casu
1218 1798 1396 1864 inciderent
1408 1798 1564 1874 lortui103
1582 1805 1614 1863 at
1637 1815 1750 1880 reapse
1772 1797 1806 1863 id

175 1918 296 1982 iactum
312 1936 383 1983 esse
400 1919 434 1981 in
449 1917 515 1993 bis,
529 1917 569 1981 de
585 1917 706 2000 quibus
720 1917 859 1996 agimus,
874 1915 982 1980 verbis
1008 1922 1071 1982 tam
1096 1915 1245 1979 absimile
1260 1922 1309 1979 esl
1332 1917 1413 1992 reri,
1430 1925 1465 1982 ul
1476 1982 1478 1986 ,
1489 1918 1645 2000 ampliore
1670 1896 1807 1984 demone

179 2038 338 2103 erratione
353 2033 631 2117 supersedeamus.
642 2034 755 2112 licque
770 2033 912 2112 proiecto
928 2031 990 2096 isle
1004 2032 1101 2096 verba
1118 2033 1243 2095 veritati
1258 2035 1303 2100 ilo
1317 2045 1510 2115 congruunt,
1529 2043 1577 2115 ut,
1590 2039 1678 2122 qnod
1688 2056 1814 2123 oppro-

175 2157 250 2221 brio
267 2155 346 2219 rerti
361 2153 501 2237 potuerit
516 2142 677 2235 scriptori,
697 2151 785 2217 nihil.
795 2154 999 2240 contineant..

213 2277 328 2359 llaque
344 2275 400 2339 vix
413 2272 550 2336 dubium
572 2290 644 2338 esse
661 2272 799 2348 ridetur,
811 2258 1042 2352 berengarium
1059 2289 1156 2335 usum
1175 2290 1246 2337 esse
1273 2273 1355 2337 libro
1371 2275 1534 2341 Ralramui
1560 2278 1601 2343 de
1618 2296 1752 2362 corpore
1774 2273 1809 2346 el

173 2399 332 2481 sanguino
348 2396 489 2471 Domini,
506 2412 646 2476 eumque
660 2395 826 2458 llalramni
839 2394 959 2458 librum
978 2394 1014 2458 in
1033 2394 1167 2474 synodis
1181 2395 1378 2469 damnatum,
1395 2380 1824 2474 conscissum,concrema-.-

175 2524 245 2581 tum
261 2533 345 2581 esse.
364 2515 527 2579 Ratremni
541 2519 647 2577 aulem
665 2510 757 2576 illum
775 2511 893 2577 librum
908 2531 979 2578 esse
1003 2519 1160 2578 testentur
1174 2513 1313 2592 codices,
1328 2515 1477 2597 equibus
1506 2517 1611 2581 evolvi
1626 2500 1703 2583 olim
1720 2519 1821 2583 Lon-.-

176 2636 344 2712 blensem,
363 2652 449 2698 nunc
466 2633 597 2699 Domini
612 2635 813 2712 Vergaurren
829 2633 1060 2708 Gandarensis,
1075 2634 1178 2699 seculi
1196 2637 1238 2710 X,
1257 2652 1354 2717 quem
1381 2636 1552 2719 descripsit
1569 2640 1723 2705 Mabillon
1738 2642 1812 2705 Ad,

177 2761 231 2828 ss.
261 2761 331 2825 om.
355 2761 458 2830 senen
483 2758 603 2823 nense.
631 2759 723 2821 rom.
751 2757 811 2833 ιι,
837 2755 938 2837 prees.
953 2756 1082 2819 mose.
1104 2758 1172 2818 me.
1197 2759 1266 2830 mo,
1294 2758 1598 2839 nurenbergenses]
1613 2761 1644 2823 e.
1665 2764 1739 2825 xx.
1756 2740 1817 2825 sle·

177 2882 245 2946 culi
258 2885 317 2958 x1,
331 2885 390 2971 qui
406 2886 483 2950 clim
503 2886 662 2970 pertinuit.
684 2883 725 2949 ad
741 2882 898 2947 abbatiam
915 2881 1028 2955 Solem,
1047 2898 1065 2942 a
1082 2878 1268 2942 Mnbillonio
1293 2876 1457 2944 laudatum
1481 2880 1515 2941 in
1532 2883 1697 2949 itinerario
1718 2886 1809 2951 dnn-s

179 2999 259 3069 lecto
273 3002 377 3068 Poris.
403 3008 480 3070 trae
499 3007 559 3073 iol.
581 3027 613 3088 p.
630 3008 679 3074 tt.
697 3010 747 3081 11,
773 3012 804 3073 et
830 3007 913 3071 dnos
937 3004 1064 3069 codices
1076 3001 1310 3067 Goltrricenses
1325 3011 1358 3064 n·
1372 3004 1412 3067 58
1425 3011 1455 3068 el
1470 3007 1541 3071 312.
1557 3006 1619 3083 Qui
1640 3009 1681 3074 ad
1703 3025 1820 3079 unum.

178 3136 294 3185 omnes
312 3123 482 3188 Retramno
497 3126 612 3190 librum
627 3127 819 3202 inscribunt,
832 3105 1025 3190 lobbiensis
1042 3122 1173 3205 quidem
1187 3122 1242 3187 ille
1258 3121 1308 3186 his
1328 3125 1435 3189 uerbis
1450 3147 1460 3189 ι

474 3279 621 3344 melem
641 3283 759 3347 mann
778 3273 958 3345 nurnine
980 3282 1033 3343 nn
1053 3279 1155 3345 cone
1176 3283 1228 3344 ur
1249 3271 1363 3345 send
1374 3270 1456 3348 nul.

218 3413 461 3495 nequissemus
478 3424 538 3495 esl,
554 3421 696 3503 inquies,
712 3429 748 3486 ut
762 3423 796 3486 in
812 3423 869 3487 illo
884 3422 1057 3486 certamine
1073 3423 1309 3502 berengariano
1326 3441 1422 3489 nemo
1441 3427 1594 3503 extiterit,
1611 3430 1669 3513 qui
1687 3429 1821 3496 librum

175 3533 216 3601 cd
235 3553 345 3601 rerum
365 3538 468 3620 ipsius
481 3550 644 3610 auctorem
656 3548 864 3613 Retramnum
879 3546 1108 3623 referretlQui
1124 3545 1316 3627 factumest,
1335 3555 1371 3613 nt
1385 3548 1503 3629 synodi
1518 3566 1629 3614 verum
1642 3560 1810 3619 auctorem

176 3675 244 3724 nnn
263 3661 562 3743 deprehenderinll

216 3783 344 3858 Quibus
363 3789 616 3868 quaestionibus
628 3811 761 3861 occurro
775 3795 1020 3878 quaestionibus
1036 3795 1138 3872 hisce,
1152 3815 1235 3878 quae
1250 3815 1315 3863 non
1331 3798 1439 3863 minus
1458 3807 1533 3881 apte
1555 3800 1647 3864 fiunt.
1665 3802 1697 3865 Si
1721 3800 1818 3866 libro·

176 3904 311 3970 ioannis
327 3908 410 3974 Scoti
426 3913 577 3976 utebatur
595 3912 818 3992 berengerius,
835 3914 893 3994 qui
906 3912 1025 3977 lactum
1042 3919 1103 3989 est,
1120 3921 1155 3979 ut
1170 3916 1220 3980 vel
1237 3917 1307 3999 ipse
1324 3919 1371 3982 rel
1389 3920 1503 3984 schola
1516 3920 1617 4002 ipsius
1635 3939 1804 4004 nunquam

177 4021 220 4085 ad
235 4025 427 4102 persimilem
434 4030 733 4106 llatramnilibrum,
746 4033 847 4096 errori
860 4051 920 4098 suo
934 4037 1151 4119 maximopere
1165 4039 1338 4116 lasemsm,
1355 4043 1669 4122 provocaveritlQni
1684 4043 1807 4108 iactum

179 4146 242 4215 est,
264 4148 300 4205 ut
317 4145 497 4209 omninoin
515 4151 578 4210 lota
594 4147 658 4211 isle
680 4151 899 4213 controversia
925 4151 1000 4214 libri
1021 4142 1243 4228 llatramnia'ui
1265 4155 1361 4219 nulla-
1378 4172 1517 4238 usquam
1545 4161 1668 4224 mentio
1693 4160 1804 4223 lleretl

178 4256 299 4338 synodi
321 4261 452 4342 quidem
476 4263 517 4328 de
542 4263 625 4328 libro
646 4266 853 4347 Judicerunl,
870 4284 934 4332 non
953 4269 992 4333 de
1006 4277 1148 4332 anctore.
1164 4273 1328 4334 llatramni
1343 4280 1449 4335 autem
1469 4274 1551 4336 liber
1567 4279 1630 4338 tem
1654 4275 1805 4339 intricate

178 4393 215 4440 ac
229 4378 388 4457 singulari
401 4380 529 4445 dicendi
543 4400 660 4462 genere
677 4387 801 4464 ulitur,
810 4397 846 4452 ut
863 4390 924 4453 riri
915 4389 1024 4454 docti
1039 4406 1113 4453 enm
1131 4389 1248 4452 loanni
1266 4390 1360 4452 Scoto
1374 4389 1472 4452 tribui
1487 4389 1582 4454 facile
1599 4398 1800 4474 paterentur.

176 4490 287 4572 Neque
303 4499 408 4558 tamen
426 4514 569 4581 unqucm
583 4505 806 4584 apudreteres
816 4508 965 4576 duolibri
979 4511 1019 4574 de
1032 4510 1085 4578 88.
1101 4508 1323 4584 Eucharistia,
1327 4509 1469 4575 ioannis
1470 4510 1562 4574 scoti
1577 4519 1608 4576 et
1625 4513 1806 4589 liutramni,

177 4612 218 4676 sb
236 4630 303 4678 nuo
319 4615 497 4700 eodemque
513 4623 668 4704 scriptore
683 4626 875 4697 laudantur.

213 4755 285 4820 iam
295 4775 373 4823 vero
387 4761 515 4826 sirecte
530 4763 708 4845 dubitatur,
720 4771 877 4836 loannem
891 4773 1025 4836 Scotum
1036 4773 1231 4852 peculiarem
1244 4773 1363 4838 librum
1376 4773 1417 4838 de
1432 4773 1486 4836 88.
1500 4772 1803 4839 Eucharistiascri·

175 4879 295 4962 misse,
324 4886 453 4953 ubinam
481 4863 555 4970 ipse*
568 4907 779 4956 errorssouos
797 4899 892 4974 atque
906 4893 1042 4974 ineptias
1056 4893 1097 4958 de
1119 4896 1324 4961 sanctissimo
1339 4894 1483 4977 corporis
1498 4902 1530 4958 el
1544 4895 1712 4974 sanguinis
1737 4895 1802 4969 Do,

173 5001 255 5066 mini
286 5012 484 5072 sacramento
511 5009 656 5088 sparsit?
1495 5088 1501 5098 ὁ

212 5125 336 5204 Sparsit
349 5128 383 5189 in
398 5133 627 5195 commentario
642 5133 676 5196 in
692 5134 723 5197 S.
739 5132 948 5212 Euangelium
965 5132 1144 5197 secumdum
1161 5131 1407 5212 loannem,.qui
1420 5134 1522 5214 capite
1539 5135 1593 5208 lll,
1611 5136 1661 5209 ll,
1678 5135 1733 5197 ubi
1759 5135 1805 5206 de

173 5243 228 5309 88.
243 5249 443 5314 Eucharistiae
455 5251 544 5333 loqui
559 5259 718 5332 coeperat,
736 5252 770 5315 in
787 5253 897 5317 codice
914 5252 1048 5318 desinil.
1061 5255 1192 5334 Sparsit,
1212 5254 1341 5333 opinor,
1356 5253 1390 5314 in
1408 5253 1674 5333 Exposilioulbus
1698 5254 1800 5324 lecer-

174 5362 266 5430 cbiae
281 5368 819 5454 ecclesiastieae,Pseudo-ntonysii
841 5374 1064 5451 Areopagitae,
1089 5373 1123 5435 in
1147 5370 1265 5453 quibus
1284 5371 1346 5452 ipsi
1362 5372 1497 5441 uberius
1513 5372 1554 5434 de
1569 5372 1623 5434 ss.
1640 5371 1798 5441 Euenum,-

178 5488 257 5552 stiae
274 5498 473 5556 sacramento
487 5496 554 5553 erat
566 5489 805 5571 disputandum.
823 5489 1069 5571 Expositionum
1085 5489 1171 5553 enim
1185 5490 1363 5558 lerarchiae
1380 5489 1526 5558 caelestis
1544 5507 1562 5553 a
1586 5489 1681 5560 nobis
1696 5460 1798 5561 edita}

178 5622 244 5672 rum
259 5599 364 5689 capite
379 5612 484 5691 primo
498 5624 600 5690 quum
623 5606 657 5704 in
675 5607 905 5671 Paschasianco
928 5606 1084 5687 impetum
1110 5604 1252 5685 lecisset,
1269 5611 1325 5673 rix
1348 5609 1484 5678 dubium
1498 5617 1560 5684 est,
1589 5611 1672 5693 quin
1686 5621 1801 5694 poslen

182 5726 217 5792 sd
228 5728 376 5812 Dionysii
393 5731 434 5797 de
450 5732 502 5795 88.
517 5731 714 5798 Eucharistiae
728 5732 905 5802 doclrinem
921 5732 1429 5817 secedens,eopiosissimesuem
1445 5738 1644 5807 sententiam
1656 5757 1801 5823 spernes
