3984 6534
172 327 209 374 xa
542 301 558 309 ““
803 284 822 295 ”
875 306 1086 369 00000000.

172 448 333 513 columnis
350 454 511 513 exaratus.
533 448 680 511 ilumeris
700 447 851 513 loliorum
871 455 966 514 caret.
986 449 1136 515 Continet
1151 452 1236 517 varia
1257 454 1287 517 S.
1313 455 1492 531 Ambrosii,
1509 456 1658 533 Alculnt,
1684 456 1787 524 litero·

146 579 283 660 ¹nymi,
304 578 449 658 Gregorii
480 594 586 659 opera.
616 578 742 642 Ultimis
776 580 814 643 bb
842 579 930 643 toliis
956 587 1057 645 exstat
1082 582 1165 647 liber
1188 585 1310 665 primus
1341 592 1372 649 ct
1398 604 1470 667 pars
1499 587 1570 650 libri
1595 587 1736 652 secundi
1759 586 1788 653 dr

173 711 326 773 divisione
352 709 500 772 Naturae.
517 706 644 769 Desinit
662 708 789 770 verbis:
813 709 1017 774 substantiam
1036 711 1168 793 filiatam
1184 717 1290 795 pennit
1305 724 1332 778 et
1344 716 1557 798 procedentem
1574 717 1787 782 substantiam.

172 842 255 905 Vide
268 838 350 903 inira
365 837 420 900 lib.
435 837 477 912 ll,
498 854 567 918 cap.
582 837 633 898 93.
657 837 783 901 blendis
803 845 913 903 scatet.
940 843 1102 923 Suspicor,
1125 844 1210 909 hunc
1226 864 1297 910 esse
1329 847 1470 912 codicem
1496 847 1673 912 Thuanum
1702 849 1787 913 valde
1837 812 1839 865 Ι

172 973 341 1047 mutilum,
366 970 406 1032 de
425 983 490 1047 quo
503 965 640 1029 Thomas
665 967 742 1031 Gale
771 969 809 1032 ad
839 986 951 1034 vocem
984 972 1072 1035 illam
1095 981 1148 1036 :et
1169 975 1381 1055 procedentem
1408 977 1556 1041 observat
1576 997 1584 1038 s
1601 978 1667 1040 Hic
1695 977 1789 1058 deficit

163 1074 286 1172 00000,
305 1098 361 1178 qui
377 1096 451 1164 clins
464 1103 527 1184 fuit
546 1102 658 1164 Thuni.
677 1103 703 1163 E
731 1102 915 1169 Golbertina
931 1106 1065 1168 enimin
1085 1107 1310 1173 bibliothecam
1325 1108 1456 1186 Regiam
1474 1107 1640 1172 transiisse
1659 1106 1790 1169 ridetur.

170 1230 220 1295 Ad
234 1231 353 1295 calcem
368 1231 537 1314 fragmenti
559 1232 595 1296 de
612 1234 766 1299 divisione
783 1237 923 1302 Naturae
939 1239 1050 1303 eadem
1069 1257 1182 1304 manus
1209 1259 1334 1306 carmen
1358 1239 1525 1324 subiunxit
1548 1237 1676 1304 detritis
1697 1236 1791 1301 litans

171 1357 258 1423 lectu
277 1357 499 1424 difficillimum
523 1363 640 1425 hocce:

555 1485 578 1543 0
592 1501 670 1544 sacre
682 1528 689 1541 .
702 1527 727 1543 ..
742 1502 759 1543 0
772 1490 823 1545 sub
836 1505 920 1546 unum
936 1493 1074 1550 molimine
1089 1495 1174 1562 salvo,

559 1557 607 1612 Cui
622 1571 690 1626 opus
705 1557 800 1613 rutilat
812 1575 872 1615 cum
886 1562 1001 1631 gemmis
1016 1565 1150 1634 thurequc
1163 1564 1287 1632 mixtam,

557 1624 655 1681 Nescio
667 1627 728 1711 quis
742 1643 845 1699 pugnos
859 1630 930 1698 quod
949 1633 1017 1687 vidit
1030 1635 1119 1690 dicere
1133 1634 1228 1703 possit.

553 1695 605 1752 Olli
617 1694 742 1751 Christus
756 1711 832 1753 amor
844 1698 884 1763 tit,
897 1700 993 1767 virtus,
1009 1703 1105 1773 gloria,
1121 1703 1235 1775 1015011,

558 1764 686 1835 Gorporis
699 1780 784 1835 osque
799 1783 956 1836 manusque,
973 1773 1041 1841 apud
1056 1773 1135 1828 siarul
1149 1774 1269 1829 carnium
1282 1772 1417 1842 membra,

559 1833 684 1890 Carceris
700 1835 838 1902 inluviem,
855 1838 997 1909 rabiesque
1010 1842 1188 1911 rabiemque¹
1202 1841 1331 1911 terarum,

557 1903 599 1959 Ac
612 1911 706 1959 tenues
722 1905 788 1959 telas
801 1907 989 1964 discriminans
1004 1909 1115 1967 fulmine
1127 1911 1250 1979 pulchro.

559 1972 673 2027 Aurium
686 1972 820 2045 florigeris
834 1978 998 2033 concordant
1015 1981 1136 2036 carmine
1147 1980 1231 2039 llusis

558 2042 625 2097 Tam
638 2041 733 2100 doctos
749 2045 856 2099 texendi
871 2048 989 2117 saphyro
1002 2047 1073 2102 tulra

557 2110 690 2235 90100010
705 2112 715 2143 ¹
731 2112 876 2169 contulerit
891 2113 998 2181 taciem,
1013 2116 1188 2173 baesindone
1201 2118 1301 2175 munds

582 2181 689 2246 erbam,
705 2181 823 2248 vincula,
837 2181 949 2250 tarnem,
963 2185 1063 2255 virgas,
1080 2193 1226 2255 tormenta,
1241 2195 1352 2245 catenas

558 2249 618 2306 Non
636 2250 716 2316 mala,
732 2253 865 2320 serpentis
879 2252 890 2284 ⁸
902 2266 956 2309 non
969 2254 1090 2310 sentiunt
1104 2257 1161 2325 ipsa
1175 2271 1288 2314 venena.

174 2375 306 2437 loannis
332 2373 416 2436 Secti
438 2388 565 2436 carmen
588 2389 659 2434 esse
680 2371 766 2434 haud
794 2379 915 2437 temere
940 2375 1087 2456 conjicio.
1119 2377 1180 2439 Sed
1198 2377 1277 2459 qaid
1303 2394 1416 2442 versus
1442 2378 1584 2460 corrupti
1602 2379 1666 2445 sibi
1683 2381 1794 2457 velint,

174 2519 241 2565 000
258 2501 351 2582 plane
369 2517 420 2563 me
438 2499 619 2581 perspicere
635 2500 747 2565 fateor.

213 2630 341 2695 Tertius
358 2635 407 2694 est
422 2629 521 2694 codex
539 2630 570 2692 S.
589 2630 739 2694 Germani
758 2632 829 2704 980,
845 2630 921 2694 olim
948 2632 1017 2705 100,
1035 2630 1092 2695 fol.
1129 2633 1216 2712 mai,
1233 2633 1423 2710 membran,
1449 2634 1551 2698 seculi
1571 2635 1644 2699 Xll.
1669 2637 1799 2702 Constet

173 2764 261 2827 loliis
282 2765 352 2828 235.
372 2765 444 2827 Duo
460 2762 636 2844 fragmenta
663 2763 818 2827 librorum
847 2762 883 2825 de
907 2763 1058 2826 divisione
1072 2763 1212 2826 Naturae
1239 2771 1364 2827 exstant
1382 2763 1469 2827 toliis
1487 2765 1635 2834 len-235,
1660 2782 1798 2848 quorum

173 2884 275 2957 0000]
294 2893 410 2975 incipit
427 2895 535 2959 verbis
552 2915 560 2955 c
576 2891 889 2968 rationale,mortate
900 2939 908 2967 ,
921 2892 1063 2967 visibile,
1078 2895 1221 2973 prosecta
1238 2892 1470 2973 anqelusneque
1484 2892 1598 2956 animai
1611 2895 1800 2958 rationabile

176 3031 242 3102 est,
259 3043 354 3108 neque
381 3026 513 3091 mortale
535 3045 631 3108 neque
647 3024 771 3088 visibile
798 3028 858 3088 eet.¹
871 3069 880 3098 ,
906 3023 978 3087 vide
1010 3021 1093 3085 inl'ra
1124 3021 1181 3086 lib.
1197 3023 1232 3098 l,
1269 3040 1336 3103 cap.
1363 3022 1403 3098 b;
1429 3027 1460 3085 et
1482 3021 1602 3086 desinit
1619 3023 1677 3087 sal.
1694 3027 1800 3099 9002

174 3158 305 3223 serbis:
335 3155 457 3218 videsne
484 3174 556 3235 erpo
576 3153 831 3235 quemadmodum
859 3173 932 3214 vera
958 3152 1043 3213 ratio
1073 3152 1259 3231 anteporiam
1287 3153 1367 3234 saci,
1399 3151 1472 3213 vide
1487 3149 1570 3214 inira
1595 3149 1650 3210 lib.
1669 3150 1701 3224 l,
1730 3167 1798 3229 cap.

175 3283 234 3358 'rt;
252 3282 389 3346 alterum
418 3282 533 3363 incipit
564 3280 750 3355 101.993,1
777 3280 885 3344 verbis
912 3281 1102 3342 :Hactenus
1129 3281 1164 3342 de
1195 3280 1403 3344 divisionibus
1430 3281 1524 3364 deque
1554 3278 1803 3346 adunationibus

176 3390 255 3491 eti,
275 3416 349 3481 ride
363 3414 447 3479 inira
461 3415 519 3479 lib.
540 3414 586 3488 ll,
608 3430 677 3492 cup.
696 3409 1087 3488 laudamentum,
1113 3414 1132 3473 9
1151 3412 1277 3474 verbis:
1299 3411 1371 3474 Nan
1397 3410 1499 3472 solum
1523 3410 1678 3485 concedo,
1696 3430 1805 3474 verum

172 3498 267 3605 etiam
283 3544 424 3627 intellipo
441 3543 731 3608 excellentissimum
745 3543 865 3605 animae
880 3550 999 3605 motum
1019 3544 1103 3605 circa
1118 3545 1312 3623 incopnituns
1326 3544 1420 3604 Deum
1433 3541 1521 3604 ultro
1535 3561 1652 3604 amnem
1671 3552 1804 3606 creatu-

175 3685 243 3733 tarn
256 3670 413 3734 verissime
426 3674 535 3736 vacari
549 3680 577 3736 et
591 3673 758 3736 subsistere
772 3672 972 3735 intellectum.
996 3671 1056 3734 Sed
1083 3671 1237 3752 quomoda
1254 3672 1303 3733 vel
1320 3691 1381 3753 qua
1398 3671 1521 3732 ratione
1536 3668 1712 3732 intellectus
1731 3668 1806 3731 durn

183 3797 269 3860 intra
295 3800 443 3862 terminos
465 3802 614 3864 humanae
637 3810 789 3870 naturae:
820 3801 893 3863 vide
915 3801 996 3865 inira
1025 3800 1081 3863 lib.
1095 3800 1136 3875 lt,
1154 3817 1222 3880 cap.
1249 3801 1298 3862 93.
1320 3801 1351 3863 10
1366 3800 1464 3878 igitur
1487 3799 1587 3867 codex
1603 3817 1676 3864 cum
1692 3802 1805 3865 codice

177 3929 280 4009 primo
298 3930 330 3993 S.
347 3931 497 3996 Germani
511 3933 571 3995 309
583 3932 650 3996 iere
669 3933 790 4013 ubique
806 3933 989 3998 concordat.

217 4053 356 4129 Quartus
380 4055 520 4136 denique
541 4058 640 4121 codex
665 4059 694 4120 S.
711 4059 862 4120 Germani
874 4058 945 4130 830,
961 4056 1036 4119 olim
1054 4056 1124 4128 sus,
1139 4054 1327 4126 membran,
1346 4052 1417 4128 iol,
1446 4054 1546 4117 seculi
1561 4057 1619 4129 xl,
1645 4056 1802 4136 pulcher-

176 4185 258 4248 rime
287 4183 446 4264 scriptus,
462 4191 584 4248 constat
609 4184 697 4250 loliis
722 4188 794 4260 907,
812 4186 931 4267 quibus
956 4186 1162 4249 continentur
1186 4182 1263 4244 libri
1281 4182 1326 4242 ll'
1341 4189 1368 4242 et
1387 4181 1461 4242 Vde
1473 4182 1628 4245 divisione
1643 4185 1798 4249 Naturae.

124 4362 128 4367 -
176 4316 674 4394 rotronor,1uneaeeuntum
691 4319 863 4384 habentur.
889 4318 1082 4399 Saepissime
1107 4320 1330 4393 argumentum
1355 4312 1394 4375 ad
1412 4315 1588 4392 marginem
1606 4314 1801 4397 adscriptum

177 4458 237 4516 est.
252 4452 291 4514 10
312 4451 390 4515 ialin
405 4453 571 4516 chartaceo
589 4452 727 4531 praefixo
741 4451 821 4511 haec
844 4450 1015 4524 leguntur:
1032 4445 1125 4507 Liber
1140 4452 1270 4527 qrsartus
1289 4451 1317 4505 et
1332 4444 1460 4524 quintus
1476 4471 1538 4527 aspa
1552 4471 1653 4524 eaesae
1667 4447 1803 4510 Ioannis

174 4580 276 4644 Scotti
302 4581 476 4660 Eripenae,
495 4580 605 4644 eadem
638 4595 738 4641 manu
755 4579 884 4657 scripta,
899 4594 996 4665 quam
1013 4577 1096 4640 Petri
1115 4577 1214 4639 Alixii
1232 4593 1303 4639 esse
1324 4594 1420 4657 supra
1436 4576 1632 4657 suspicabar.
1645 4579 1681 4639 10
1696 4575 1802 4643 fronte

175 4704 298 4783 primae
321 4708 530 4772 membranae
555 4725 670 4772 manus
696 4709 797 4773 seculi
818 4711 893 4773 XlV
911 4710 1058 4791 scripsit:
1075 4712 1118 4770 De
1144 4708 1395 4789 superessentiali
1410 4716 1537 4770 reaturo.
1554 4710 1678 4776 Recens
1697 4711 1801 4777 seculi

175 4829 265 4893 xvn
281 4847 417 4909 manus,
435 4841 470 4898 ut
486 4835 624 4913 ridetur,
644 4836 787 4900 addidit:
803 4840 836 4902 S.
853 4840 941 4902 Petri
959 4839 1154 4903 corbeiensis

216 4964 253 5027 lit
271 4963 311 5026 de
328 4965 514 5042 codicibus,
531 4985 613 5049 quos
639 4971 672 5032 10
691 4970 909 5051 perpoliendis
925 4971 1013 5034 bisce
1031 4968 1120 5031 libris
1138 4967 1365 5041 adhibuimus,
1381 4965 1459 5030 haec
1476 4966 1607 5045 quidem
1626 4968 1794 5034 hactenus.

174 5091 323 5158 Godicem
355 5096 432 5160 tero
467 5097 682 5164 bibliothecae
713 5101 850 5164 civitatis
884 5102 1090 5165 Abrincatum
1120 5102 1302 5167 examinare
1333 5117 1398 5164 000
1429 5101 1530 5180 potui.
1556 5100 1658 5175 Quem
1689 5100 1791 5165 m

177 5224 351 5288 llavaisson
370 5227 404 5289 in
419 5228 503 5293 libro
514 5231 673 5312 Rapports
687 5252 730 5293 au
746 5233 887 5294 ministre
905 5241 966 5295 cet.
986 5249 1019 5311 p.
1042 5233 1098 5292 107
1113 5233 1159 5295 010
1175 5231 1363 5310 descripsit:
1379 5228 1420 5292 N⁰
1433 5229 1522 5302 1976,
1539 5229 1573 5290 10
1585 5226 1689 5309 salia:
1705 5229 1791 5291 XIII

175 5356 277 5421 siicte.
305 5359 347 5422 10
368 5360 427 5424 lsee
452 5360 607 5425 volumine
630 5364 808 5425 continetur
833 5363 945 5425 uttirna
965 5379 1041 5443 pars
1068 5362 1267 5443 Periphision
1293 5363 1367 5440 [sept
1389 5364 1501 5439 aaaron]
1527 5361 1662 5422 ioannis
1691 5361 1780 5424 Secti
1794 5421 1796 5438 ,

175 5488 294 5554 scilicet
311 5490 385 5555 libri
410 5490 469 5554 111
491 5492 700 5556 0100010.Ιο
722 5492 785 5556 alic
801 5493 957 5556 volumine
980 5494 1157 5556 continetur
1181 5490 1284 5572 prima
1309 5507 1385 5568 pars
1414 5490 1546 5569 ejusdem
1565 5492 1640 5555 libri
1652 5537 1660 5569 ,
1680 5480 1807 5557 sereres?

827 5660 955 5717 vthlhh
974 5660 1172 5718 unctiones,

179 5738 182 5743 Α
233 5771 408 5849 (3011101000.
446 5776 536 5835 'Coti
553 5777 700 5848 ratemque.
740 5773 832 5833 iilud.
850 5776 988 5847 Q=reqrris
1025 5773 1113 5829 *Col
1133 5772 1279 5828 Nurritani
1295 5782 1435 5844 serpentes.
