3984 6534
1480 363 1576 375 rost-on
1598 369 1744 389 ,,,.,·.,“.
1760 376 1766 383 n

310 405 379 463 ttbt
1002 397 1145 458 JOANNlS
1160 388 1259 458 scoti
1476 442 1485 457 .
1666 412 1678 445 ·‚
1760 441 1766 451 ·
1895 407 1955 464 tiss

309 519 398 590 gisus·
418 511 493 569 Bene
505 510 597 592 ΜΨ
619 509 810 582 supersapiens
829 518 858 564 et
883 508 985 580 optima
1008 509 1103 578 sophia
1117 521 1142 580 g
1155 513 1375 583 provenientibus
1385 514 1492 585 copiose
1506 514 1559 583 eis,
1572 520 1605 570 et
1620 528 1679 569 non
1693 512 1889 573 deficientibus
1898 536 1953 591 epp.

310 607 346 662 ab
359 605 473 676 eloquiis
492 602 626 668 laudatur,
641 609 747 655 cmtera
765 600 908 672 mysticum
931 606 1061 666 statuens,
1077 607 1106 654 et
1156 603 1190 660 lis
1202 603 1338 661 affluentia
1353 606 1482 679 largiente
1496 616 1525 662 et
1536 619 1782 678 supermanante.
1807 606 1863 665 lloc
1879 626 1955 669 suren

310 713 419 754 sacrum
441 694 483 751 eis
503 701 596 765 potum
619 691 794 762 profundens,
819 690 905 761 magis
930 699 1020 744 antem
1041 697 1105 744 ante
1155 707 1221 750 vere
1243 695 1367 766 epulari,
1389 706 1417 752 et
1430 697 1632 769 proptertraec
1648 696 1828 753 vivificatrix
1844 701 1913 756 simul
1931 714 1954 760 et

311 788 364 844 lios
376 785 477 841 solidas
490 798 569 838 escas
586 795 763 852 proponens,
785 789 812 835 et
827 795 888 835 cnm
902 779 1012 837 excelsa
1025 793 1104 850 prae·
1155 789 1443 858 parvulommm,1,1,‚
1458 802 1485 846 eg
1500 791 1681 858 mmuh,
1699 801 1732 847 e,
1750 792 1890 864 persam
1901 799 1952 855 ,η-

249 922 254 930 .
310 877 447 934 dicatione
469 875 528 945 ipsa
554 872 739 928 desiderantes
767 886 797 927 se
818 872 920 941 optime
941 879 970 926 et
991 869 1105 941 pulchre
1156 880 1229 935 dara,
1254 881 1409 939 secundum
1434 884 1505 939 hanc
1530 893 1631 939 ,ulem
1665 899 1789 940 „mm
1812 889 1951 957 mmm

310 966 481 1023 desiderans.
506 961 647 1034 duplicem
664 961 747 1033 igitur
760 975 850 1018 escam
869 961 960 1017 divina
972 962 1103 1033 sapientia
1155 971 1333 1040 apertionem,
1344 984 1372 1030 et
1383 973 1440 1045 ipsc
1452 973 1575 1029 omnium
1594 975 1748 1030 bonorum
1773 979 1887 1036 causalis
1895 981 1953 1039 bas

309 1059 460 1133 proponit:
477 1068 559 1110 unam
570 1037 820 1127 guimuffolidam
836 1061 864 1108 et
875 1053 1102 1120 manducabilem,
1155 1057 1284 1115 inebriari
1297 1061 1405 1127 dieitur,
1418 1072 1527 1134 propter
1538 1064 1846 1135 superplenitudinem
1857 1080 1881 1125 et
1892 1071 1953 1125 iuret

309 1150 426 1206 alteram
442 1160 508 1201 vero
522 1143 661 1200 humidam
684 1152 713 1199 et
736 1142 896 1214 profusam,
912 1151 941 1199 et
954 1142 981 1198 in
997 1152 1103 1211 cratere
1154 1146 1294 1218 figentium
1313 1151 1494 1220 epulationis:
1511 1162 1558 1207 aut
1582 1164 1673 1223 putus
1689 1153 1862 1224 dicendum,
1878 1161 1953 1230 epeia

309 1241 426 1315 porrigit
437 1220 565 1311 ρῗοῐῖἀιι
576 1253 641 1293 snas
655 1236 803 1293 bonitates.
826 1235 887 1307 lpse
895 1234 991 1308 iginus
1011 1245 1104 1290 crater
1155 1236 1237 1292 donis
1250 1238 1296 1293 bei
1311 1239 1534 1307 perfectissimam
1546 1251 1575 1298 et
1590 1243 1779 1300 ineffabilem
1793 1247 1904 1305 deterim
1914 1251 1953 1305 m.

310 1329 445 1388 rotundus
458 1329 521 1384 dnm
535 1328 571 1383 sit
582 1336 611 1382 et
624 1327 770 1396 repandus,
785 1325 937 1396 symbolum
951 1324 989 1381 sit
1001 1339 1105 1394 expan·
1155 1327 1422 1384 mensurabilitatem.
1444 1329 1478 1386 Ut
1487 1330 1560 1386 enirn
1586 1333 1617 1387 in
1639 1334 1731 1391 nobis
1744 1339 1951 1411 semuduuqrod

308 1439 357 1481 sae
371 1421 450 1479 simul
465 1428 492 1476 et
505 1420 532 1474 in
551 1419 642 1476 onmia
653 1418 846 1474 circumeuntis
859 1418 918 1474 sine
930 1416 1064 1489 principio
1076 1426 1105 1472 et
1154 1418 1274 1474 ebrietas
1286 1421 1460 1478 immoderata
1469 1424 1585 1494 repletio
1596 1435 1656 1492 est,
1666 1435 1700 1481 et
1710 1435 1813 1485 mente
1820 1433 1948 1490 um

308 1512 433 1570 infinitae
444 1512 541 1567 borum
554 1508 675 1565 ominium
689 1507 887 1578 providentiae.
907 1506 1103 1612 Qun
1154 1511 1285 1578 ecstasis,
1300 1513 1340 1568 sic
1353 1514 1499 1571 secundnm
1522 1519 1601 1587 quod
1616 1519 1752 1588 meiius,
1778 1522 1809 1579 iu
1821 1523 1950 1583 beers

307 1602 490 1677 quoniamiu
514 1598 605 1656 omnia
619 1599 793 1669 proveniens,
810 1606 901 1654 manet
919 1597 946 1652 in
960 1612 1060 1669 seipsa,
1075 1606 1104 1655 et
1154 1607 1239 1657 tatem
1264 1618 1319 1659 non
1344 1604 1417 1662 sunu
1443 1607 1507 1677 quid
1542 1620 1662 1680 oportet
1700 1613 1843 1686 interrupi,
1866 1627 1951 1689 pugg,

307 1707 364 1756 stat
374 1697 400 1753 in
413 1694 572 1752 immutabili
587 1704 701 1749 naturae
714 1691 903 1758 similitudine,
913 1700 942 1748 et
957 1690 1102 1764 perfectis·
1154 1692 1430 1762 superabundantiam
1444 1708 1472 1754 et
1486 1713 1604 1756 caumtu
1625 1706 1851 1773 provenientem
1865 1709 1891 1764 iu
1908 1713 1951 1781 ipe

307 1790 378 1848 sima
395 1786 604 1845 irremeabiliter
622 1786 712 1855 seipsa
731 1784 863 1841 collocata
886 1782 1059 1841 uniformiter
1075 1791 1104 1841 et
1154 1785 1276 1840 omnium
1289 1787 1421 1844 bonomm
1436 1790 1719 1852 immensurabilem.
1748 1798 1809 1856 Sed
1832 1810 1859 1857 er
1879 1819 1951 1860 ω.

307 1882 384 1948 lire,
403 1880 443 1936 sie
457 1887 549 1935 crater
564 1885 630 1934 stat.
649 1876 806 1934 Aedificans
819 1885 912 1933 autem
925 1884 953 1932 et
967 1875 1101 1948 sapientia
1115 1883 1140 1944 Β
1154 1889 1241 1947 quens
1260 1876 1398 1936 ebrietatis
1421 1883 1574 1954 sapientiae
1600 1888 1754 1958 ecstasis,
1774 1898 1951 1966 saperem,

306 1974 418 2032 domum
432 1971 483 2027 sibi
497 1969 609 2034 dicitur,
627 1978 655 2024 et
669 1968 696 2024 in
711 1967 785 2039 ipsas
806 1967 907 2024 solidas
918 1982 997 2024 escas
1009 1975 1037 2024 et
1051 1980 1101 2038 po·
1155 1963 1203 2022 liei
1215 1966 1474 2042 superintelligentia
1486 1973 1688 2048 intelligenda,
1699 1985 1951 2056 aecnparmqmg

306 2074 353 2123 tus
366 2073 395 2122 et
408 2072 515 2121 cratera
530 2074 683 2132 proponens
699 2077 707 2114 ε
723 2060 764 2116 sic
783 2074 844 2116 esse
863 2059 954 2115 divina
973 2058 1102 2114 divinitus
1153 2058 1290 2115 exulatus
1306 2061 1479 2135 intelligendo
1492 2066 1758 2144 superintelligere
1772 2088 1869 2143 puger
1881 2093 1952 2148 ,m

305 2153 429 2230 symbola
442 2152 604 2209 facientibus
616 2150 732 2217 darum,
745 2150 809 2222 quia
823 2159 851 2207 et
861 2150 1029 2221 providentia
1040 2163 1103 2220 pem
1154 2150 1314 2224 intelligitur
1334 2163 1362 2210 et
1383 2170 1465 2226 snper
1482 2157 1574 2227 ipsum
1599 2172 1688 2230 esse,
1707 2173 1742 2220 et
1763 2166 1825 2236 ipae
1846 2173 1953 2238 amru,

306 2247 457 2307 iustissima
470 2253 512 2302 est
532 2244 591 2316 ipse
612 2241 720 2299 essendi
744 2251 773 2297 et
792 2243 862 2298 bene
885 2241 990 2298 essendi
1010 2240 1102 2296 omnia
1153 2256 1334 2315 quaecunque
1354 2256 1429 2310 sunt,
1442 2248 1546 2318 optima
1560 2249 1722 2311 inebrians
1736 2255 1955 2317 simuletsuisrs

292 2314 435 2405 ‚causalis
459 2346 488 2393 et
508 2339 536 2393 in
551 2334 643 2392 omnia
661 2333 806 2406 procedit,
828 2341 858 2390 et
877 2332 995 2388 inomni
1016 2331 1057 2397 flt,
1073 2337 1103 2387 et
1153 2333 1292 2402 estbeus,
1311 2331 1581 2406 tunquam‘omniutn
1597 2341 1739 2413 ipsorum
1754 2347 1955 2424 simuletrrper·

306 2432 431 2492 continet
443 2430 552 2496 omnia,
571 2425 709 2483 etiterum
725 2425 783 2496 ipse
797 2425 825 2480 in
838 2426 933 2482 eodem
947 2439 996 2495 per
1010 2424 1101 2481 excel·
1153 2422 1295 2497 plenorum
1315 2426 1547 2488 immensurabilis
1569 2434 1789 2495 universitatis
1812 2444 1953 2513 superexcel-

298 2506 432 2588 lentiam,
446 2521 549 2578 undum
565 2498 741 2588 tffiriiiiper
755 2516 857 2573 nulium
870 2525 923 2584 est,
937 2515 986 2574 sed
998 2515 1102 2572 exalta-
1152 2515 1246 2584 tentia,
1260 2527 1289 2574 et
1303 2518 1401 2576 iterum
1411 2530 1490 2578 extra
1501 2532 1531 2581 et
1547 2529 1713 2587 summitas
1726 2535 1854 2591 omnium
1869 2553 1952 2593 ιιιιιιι

305 2622 351 2671 tnr
363 2613 499 2677 omnibns,
514 2608 573 2680 ipse
588 2609 616 2663 in
637 2605 728 2679 seipso
740 2605 866 2662 similiter
885 2614 913 2662 et
928 2605 1101 2662 aeternaliter
1152 2611 1267 2700 positus.
1281 2614 1325 2670 Ab
1338 2614 1381 2671 bis
1395 2624 1487 2672 autem
1501 2617 1637 2679 volentes
1652 2634 1685 2680 et
1701 2625 1736 2681 in
1753 2642 1842 2701 regim
1855 2629 1897 2686 [tei
1907 2646 1952 2687 a.

303 2722 365 2774 eus,
380 2714 409 2763 et
420 2713 507 2770 stans,
521 2710 549 2758 et
571 2713 705 2765 manens,
730 2705 758 2754 et
771 2712 881 2768 semper
894 2696 1042 2754 secundum
1056 2709 1103 2752 ea·
1152 2710 1260 2759 erorum
1276 2705 1401 2761 convivia
1413 2706 1493 2778 iuxta
1512 2712 1640 2768 eundem
1661 2719 1846 2789 accipiemus
1860 2722 1951 2778 m

304 2800 366 2857 dem
380 2804 408 2854 et
421 2793 503 2853 sicsic
514 2792 628 2857 babens,
644 2797 673 2845 et
683 2788 757 2845 uallo
783 2788 865 2845 modo
885 2796 964 2844 extra
979 2787 1101 2857 seipsum
1154 2789 1303 2850 armstmr
1315 2793 1399 2862 enim,
1412 2796 1461 2863 ait,
1477 2798 1536 2867 ipse
1549 2813 1605 2857 rex
1618 2802 1815 2865 discumbere
1826 2825 1871 2867 eos
1883 2811 1950 2875 ω

303 2888 520 2958 facimusque
541 2881 649 2955 propria
676 2880 809 2952 gravitate
834 2888 863 2935 et
885 2876 1102 2936 incommutabili
1151 2888 1182 2940 et
1205 2882 1263 2955 ipre
1287 2884 1454 2943 ministrabar
1475 2887 1550 2946 epu,
1577 2886 1769 2964 Significant
1797 2910 1886 2957 am
1902 2902 1951 2956 Μ

302 2979 447 3049 mansione
470 2982 499 3032 et
521 2972 644 3032 bonitate
670 2970 780 3029 relictus
795 2985 803 3026 ι
819 2968 867 3026 sed
888 2978 917 3025 et
938 2969 966 3026 in
989 2968 1099 3040 seipsa¹
1151 2987 1325 3034 commumm
1335 2978 1471 3048 quandam
1481 2989 1510 3037 et
1520 2996 1615 3054 aeque
1625 2985 1816 3047 invisibilem
1825 3002 1950 3049 amur·

303 3081 377 3129 totas
389 3079 416 3125 et
431 3066 643 3142 perfectissimas
656 3063 842 3135 providentias
857 3062 960 3134 optime
972 3074 1101 3130 operans,
1152 3064 1180 3121 in
1194 3065 1294 3124 divinis
1307 3068 1386 3125 bouis
1407 3071 1584 3141 mcietatem,
1607 3086 1642 3137 et
1659 3078 1829 3140 Ecclesiam
1843 3088 1949 3158 priuge

304 3170 333 3218 et
356 3158 519 3232 proveniens
541 3156 568 3211 in
590 3153 703 3217 omnia,
731 3160 759 3208 ot
785 3165 897 3207 ntnnens
915 3149 943 3205 in
957 3149 1058 3220 seipso,
1073 3155 1101 3204 ct
1151 3157 1272 3217 nitorem
1288 3160 1488 3234 descriptorum
1508 3165 1661 3238 incaelis,
1679 3181 1714 3228 et
1739 3176 1950 3247 spiritatem

296 3230 382 3310 ¹stans
391 3260 498 3319 setnper
507 3253 534 3300 et
549 3246 665 3309 rnotas¹,
681 3257 768 3313 neque
783 3250 867 3308 stans,
880 3254 969 3312 neque
983 3238 1100 3296 motns⁸.
1113 3236 1138 3305 G
1153 3264 1214 3307 rum
1228 3252 1355 3309 omnibus
1369 3255 1480 3327 optimis
1493 3258 1654 3328 perfectos,
1670 3273 1705 3318 et
1720 3268 1848 3337 primum
1866 3268 1948 3342 ψη

305 3341 361 3400 Sed
375 3341 426 3397 osi
442 3337 618 3430 Q
640 3336 767 3407 providas
789 3334 963 3404 operationes
978 3332 1006 3387 in
1022 3348 1100 3388 maa·
1152 3342 1283 3414 repletos.
1305 3344 1339 3401 Et
1357 3347 1508 3405 recubitum
1524 3353 1658 3421 requiem
1674 3359 1860 3418 arbitramur
1881 3362 1947 3416 mdis

304 3402 627 3496 siffieTel'ntansionem
650 3425 677 3480 in
701 3422 869 3496 providendo
887 3423 1102 3481 connaturaliter
1155 3438 1297 3495 doloribus
1318 3439 1403 3495 ,pam
1427 3439 1567 3508 phem,
1584 3453 1618 3500 e,
1631 3453 1887 3511 conversationem
1899 3453 1946 3508 dm

304 3522 436 3584 simulet
459 3519 701 3590 supernaturaliter
724 3520 837 3579 babens.
862 3519 916 3575 Sed
931 3536 1000 3590 quae
1015 3520 1100 3577 solida
1151 3546 1216 3588 pap,
1237 3532 1265 3587 jn
1287 3530 1390 3588 lumin,
1414 3539 1442 3588 οι
1467 3532 1578 3603 ,eppone
1605 3535 1790 3609 ,ipempum’
1805 3547 1877 3600 omni
1888 3559 1946 3599 m

304 3628 378 3680 mea,
394 3621 422 3668 et
434 3625 504 3683 quae
518 3607 650 3663 bumidai
673 3606 728 3662 llas
748 3607 821 3663 enirn
841 3608 945 3677 optima
968 3611 1101 3678 sapientia
1151 3634 1231 3679 sacro
1248 3621 1391 3693 repletam,
1407 3630 1435 3679 et
1447 3622 1671 3694 largissimorum
1691 3641 1725 3688 et
1741 3633 1884 3692 beatonrm
1895 3637 1946 3707 opti·

304 3705 408 3762 donare
423 3699 547 3758 simulet
565 3698 708 3771 providere
722 3697 859 3754 laudatur.
883 3697 1101 3785 lpmmppiglem
1151 3726 1258 3769 morum
1275 3714 1414 3785 copiosam
1428 3715 1579 3792 dationem,
1598 3733 1654 3789 per
1667 3737 1766 3793 quam
1783 3726 1945 3784 laetitianm

304 3797 420 3856 solidam
445 3809 534 3850 escum
560 3790 783 3862 compositionem
801 3799 909 3861 gestare
924 3788 1044 3845 arbitror
1059 3791 1100 3845 in·
1151 3804 1349 3875 replemur]
1406 3817 1497 3863 ,mem
1518 3814 1562 3864 esp
1576 3808 1796 3880 mmmm
1815 3822 1945 3878 mm

305 3885 468 3946 tellectualis
482 3894 510 3940 et
532 3882 695 3938 nutritoriae
713 3877 898 3953 perfeetionis,
915 3889 943 3935 et
966 3878 1100 3935 naturalis
1151 3909 1200 3952 ω,
1221 3821 1647 3966 [θειθῃωΜζ-Μπῇι
1671 3919 1829 3969 aeternam
1848 3915 1943 3987 rm·

305 3975 555 4039 immutabilitatis,
574 3972 724 4029 secundum
745 3985 828 4043 quam
848 3970 939 4027 divina
969 3971 1099 4028 constite·
1151 3988 1323 4057 pompm,
1341 3989 1537 4063 plenitudinem
1555 3996 1704 4058 bonorum
1726 4005 1946 4067 &mmm

305 4076 382 4134 runt,
400 4076 429 4122 et
446 4075 584 4138 potentem
608 4075 638 4122 et
658 4063 822 4120 uniformem
843 4072 872 4120 et
892 4064 1100 4135 inseparabilem
1151 4080 1208 4137 mut
1220 4091 1248 4138 er
1259 4082 1429 4141 infundente.
1448 4084 1662 4157 inquisitionem
1678 4109 1756 4155 vern
1771 4101 1844 4158 bene
1861 4103 1946 4168 suom

306 4160 448 4220 scientiam
468 4159 634 4231 participant
655 4171 717 4213 cam
739 4154 965 4246 intellectualibus
982 4158 1099 4214 sensibi·
1151 4174 1324 4233 benedictum
1351 4192 1476 4234 somnum
1491 4178 1557 4247 ilci,
1576 4189 1607 4238 et
1622 4186 1832 4257 evigilantiam
1846 4194 1945 4266 aperus

305 4252 372 4310 lium
388 4245 1101 4322 illoramgaibussapientissimusPaulusexsapien·
1150 4283 1191 4338 ,θ’
1207 4287 1270 4327 cum
1291 4272 1418 4340 dicimus.
1431 4274 1551 4331 divinum
1570 4291 1717 4339 somnum
1746 4302 1813 4346 m
1831 4299 1944 4346 mt-

305 4346 345 4404 tia
356 4346 502 4418 accipiens,
510 4357 573 4400 vere
582 4343 697 4400 solidam
707 4357 798 4400 escam
812 4343 925 4399 traditu.
937 4342 1100 4429 Humidum·
1150 4360 1220 4430 Μ,
1243 4371 1272 4420 eg
1284 4362 1537 4423 jnwmmunjcabpp„
1558 4370 1684 4437 provisis
1704 4393 1713 4430 :
1732 4378 1850 4451 vigum
1863 4391 1943 4445 am

298 4449 397 4524 Qu
409 4438 518 4511 perfuse
531 4437 611 4493 simul
625 4448 652 4492 et
667 4437 694 4490 in
709 4436 799 4492 ornnia
814 4437 957 4517 provenire
969 4435 1101 4494 festinau-
1149 4450 1179 4507 1„
1190 4451 1386 4524 pmppggnpum
1400 4468 1447 4512 ω,
1459 4453 1595 4522 ggggfgn„
1612 4470 1664 4514 au,
1680 4464 1784 4523 salute
1798 4470 1944 4540 demut-k

306 4535 342 4589 tis
356 4532 474 4598 virtutis,
489 4541 518 4587 et
532 4531 621 4584 adbuc
635 4544 683 4599 per
699 4527 774 4582 varia
789 4537 817 4585 et
840 4527 923 4583 multa
945 4537 974 4583 et
987 4529 1097 4598 partita,
1150 4543 1202 4600 gp,
1223 4559 1392 4601 succursum,
1418 4544 1500 4602 gupa
1530 4555 1625 4604 ,utem
1652 4553 1821 4631 ,heopogim
1842 4563 1943 4634 symb

306 4624 335 4679 in
356 4623 481 4692 simplam
496 4627 524 4673 et
538 4634 591 4673 non
617 4617 807 4674 tremulantem
826 4617 945 4672 divinam
961 4618 1098 4688 cognitio·
1111 4589 1139 4651 ¹)
1150 4635 1433 4709 praerefmrssffldeo
1448 4635 1615 4710 superfluum
1631 4643 1819 4708 arbitrantes
1832 4669 1898 4720 esse,
1910 4670 1942 4709 m

307 4729 368 4770 nem
383 4713 501 4767 nutritos
514 4708 683 4764 familiares·
697 4709 762 4780 ipsis
776 4709 897 4766 bonitate
914 4711 1101 4767 manuducen·
1151 4729 1213 4801 gem
1234 4717 1344 4784 eisdem
1359 4707 1527 4808 munimime
1547 4729 1605 4786 alia
1628 4733 1741 4806 rideri,
1769 4744 1854 4801 simul
1879 4748 1941 4802 erp.

308 4799 565 4944 tis.Qd
579 4810 607 4855 et
622 4814 695 4865 rore,
710 4808 738 4854 et
751 4815 833 4871 aqua,
856 4800 945 4856 divina
963 4809 991 4856 et
1006 4800 1099 4857 invisi·
1151 4816 1227 4874 vobis
1242 4819 1268 4874 in
1287 4818 1366 4875 bonis
1383 4820 1582 4887 obediendum,
1607 4833 1639 4879 et
1660 4841 1870 4901 cognoscentes
1889 4852 1941 4908 grat

306 4893 371 4951 bilia
384 4891 500 4960 coquin,
509 4898 546 4946 ,et
560 4889 630 4946 facte
647 4899 675 4946 et
690 4891 762 4956 vino,
781 4901 809 4946 et
821 4891 901 4947 melle
912 4892 1099 4963 adirnaginan·
1150 4908 1259 4980 quidem
1273 4917 1337 4965 suni
1350 4910 1490 4982 epistotae,
1501 4911 1536 4966 ab
1550 4912 1594 4969 hir
1608 4930 1688 4986 qnae
1701 4921 1786 4981 ager,
1798 4936 1871 4995 mg,
1881 4930 1940 5000 ,gp

307 4999 364 5052 tur,
387 4992 499 5055 propter
523 4983 595 5037 vitae
620 4983 762 5038 fecundam
788 4998 902 5048 eorum,
923 4992 953 5038 ut
969 4984 995 5039 in
1015 5000 1097 5055 aqua,
1150 4999 1262 5067 scimur,
1273 5002 1448 5069 excedentes,
1461 5012 1491 5058 ut
1503 5004 1631 5073 aestimo,
1645 5010 1673 5066 in
1686 5013 1940 5091 plusquamnostris

307 5079 436 5135 virtutem
451 5093 458 5131 :
475 5083 504 5132 et
515 5074 660 5138 auctivam,
680 5081 709 5128 ut
732 5074 760 5129 in
776 5073 846 5131 lacte
861 5091 868 5129 ι
884 5085 912 5132 et
925 5077 1098 5134 revivificati-
1152 5088 1238 5148 pippis
1263 5093 1364 5149 gerp„
1380 5092 1456 5149 pm„
1473 5105 1564 5152 „pem
1581 5105 1672 5158 101„ss
1686 5119 1822 5167 „mmm
1834 5111 1940 5185 &mm-p

306 5185 381 5234 vam,
396 5177 425 5222 ut
447 5166 474 5222 in
492 5165 556 5220 vino
571 5181 577 5219 :
593 5173 620 5220 et
634 5163 802 5236 purgativam
820 5165 900 5221 simul
915 5175 941 5222 ct
955 5169 1097 5225 custoditi·
1150 5197 1209 5238 pam
1227 5184 1387 5255 gheploggam
1411 5187 1563 5254 minimus,
1586 5205 1640 5260 per
1655 5210 1746 5266 quam
1761 5202 1881 5261 imm
1890 5217 1938 5260 om

306 5279 382 5330 vani,
397 5270 427 5317 ut
441 5261 468 5318 in
483 5259 572 5318 melle.
592 5258 748 5315 flaccenint
763 5259 853 5316 divina
869 5261 1001 5333 sapientia
1015 5265 1099 5323 donat
1151 5272 1612 5343 sapientiaedomo‘etcolumnas
1635 5299 1750 5360 septem
1772 5295 1842 5354 pm
1855 5296 1936 5352 ,pm

998 5398 1127 5460 vanus
1144 5401 1347 5462 caenosus.
1440 5382 1443 5389 ’

263 5505 267 5514 “
309 5513 530 5586 ’ΒΗίιιιιὶριο.
567 5511 825 5639 'Bilsapermotum
841 5511 862 5568 ll
879 5525 1082 5641 sempermotus
1103 5499 1233 5586 (etum).
1270 5520 1480 5591 'nanneticam
1499 5540 1584 5598 neque
1599 5543 1765 5603 nretstom.
1780 5543 1854 5602 codd.
1876 5534 1932 5593 ‘BH

310 5579 473 5640 flammam.
520 5581 595 5641 'Sic
610 5583 648 5651 1t;
695 5581 898 5653 lifamulnrcs5
918 5619 921 5627 ,

960 5585 1128 5684 familiarius
1176 5594 1187 5626 ⁸
1206 5588 1352 5646 illidentes.

1057 5693 1182 5762 noste.
1212 5739 1214 5745 ·
1266 5728 1270 5737 ·

346 5801 458 5862 ⁸}lebr.
473 5805 504 5865 V.
556 5798 563 5806 '
792 5816 830 5829 ”’
1186 5813 1278 5875 etue.
1290 5815 1403 5888 xliii.
