3984 6534
332 350 386 410 aab
1020 343 1161 400 loannis
1179 339 1276 400 scott
1334 388 1336 392 ,
1932 342 1975 400 tsi

330 466 388 522 litia
411 464 497 536 possit
516 462 573 517 beri
603 485 606 495 ·
630 468 757 530 perpetua
780 465 808 514 et
830 456 944 512 bonitati
966 470 1120 516 coaeterna.
1135 464 1158 523 Λ
1172 458 1235 514 liter
1247 457 1273 511 in
1292 457 1409 526 quadam
1422 465 1509 527 parte,
1533 455 1575 512 rel
1592 456 1618 512 iu
1636 456 1662 490 ¹³
1679 463 1741 512 toto
1765 452 1854 523 lxtrjns
1874 456 1974 513 risibilis

333 556 461 611 Similiter
471 554 504 608 de
516 561 601 607 morte
613 560 640 606 et
652 551 758 604 miseria
773 548 985 618 intelligendum,
1001 565 1036 604 ne
1050 551 1120 605 vitae
1172 555 1322 610 creaturae,
1336 557 1373 610 et,
1390 556 1420 600 ιιι
1432 546 1594 617 simpliciter
1605 547 1720 610 dicam,
1732 559 1831 613 neque
1844 545 1912 599 intra
1926 549 1972 599 uui

331 655 359 701 rt
373 645 530 701 beatitudini
549 642 612 711 quid
628 642 791 697 contrarium
806 649 890 709 atque
900 655 1028 695 coaevum
1043 640 1121 694 intel·
1171 637 1328 692 versitatem
1355 645 1437 690 totuis
1460 645 1608 691 naturaea
1636 635 1700 690 Deo
1721 635 1861 690 conditae
1884 634 1970 690 suturas

331 737 439 806 ligatur.
455 733 539 788 Porro
552 733 573 786 si
591 719 780 785 universaliter
793 729 905 793 malitia,
922 737 949 782 et
965 744 1046 791 mors,
1060 743 1123 781 acu·
1172 744 1232 798 esse
1246 729 1399 794 credimus;
1417 737 1445 782 et
1459 744 1546 798 neque
1559 743 1638 783 rrunc
1655 743 1735 791 esse,
1755 734 1787 783 et
1800 738 1969 796 nusquamst

331 828 442 894 leusqne
455 822 524 892 ejus,
536 821 608 893 quod
624 829 665 877 est
681 829 832 890 peceatum,
844 818 985 890 omnisque
1001 819 1121 882 miseria,
1172 836 1321 891 nunqnam,
1333 820 1379 875 sed
1391 821 1417 873 in
1432 820 1563 875 maiarum
1576 820 1765 875 voluntatum
1781 825 1966 889 corurptaran·

329 916 533 987 iusuperetiam
546 912 708 967 novissimus
721 911 855 973 inimicus,
868 910 988 980 nequitia
999 909 1122 962 videlicet
1171 925 1224 979 qne
1251 908 1477 964 conscientiarum
1506 909 1649 978 perversis
1679 908 1830 971 motibus,
1858 908 1965 976 taobqse

330 1005 474 1066 diabolica,
493 1001 709 1070 universalisque
730 993 869 1069 impietus,
884 997 944 1071 [aut
965 998 1021 1067 ipsa
1048 1004 1122 1051 certe
1171 999 1337 1069 poenitentia
1350 998 1566 1064 euinrrucmosa,
1583 997 1673 1066 inque
1688 1009 1850 1066 perversae
1866 1005 1963 1064 m

329 1093 416 1166 mors]
430 1103 451 1160 ¹,
470 1092 614 1148 denatura
639 1105 728 1145 rernm
752 1088 923 1144 abolebitur:
938 1087 1001 1156 quid
1026 1092 1120 1148 result,
1171 1083 1205 1142 tis
1221 1087 1375 1142 omnimoda
1388 1086 1577 1149 stibrersione,
1595 1085 1663 1139 sive
1687 1083 1728 1137 ab
1744 1081 1772 1115 ¹⁸
1796 1084 1961 1138 bunaaasire

329 1187 382 1242 nisi
396 1194 427 1240 υι
438 1184 495 1241 sola
507 1180 666 1237 universalis
679 1189 802 1236 creatura
819 1178 892 1234 omui
908 1177 983 1232 laceo
1002 1174 1121 1230 malitiae
1170 1177 1291 1246 angelica
1307 1180 1440 1231 creatura.
1458 1175 1637 1231 Sulrvertitur
1650 1183 1768 1238 autem,
1784 1174 1857 1242 quod
1871 1175 1961 1227 ornam

329 1258 1129 1346 etimpletatispurgata,omuimortecorruptionislibera,
1170 1268 1346 1338 extinguitur,
1377 1266 1559 1336 Extingnetnr
1588 1265 1718 1320 omnino
1753 1264 1845 1320 orariis
1865 1264 1961 1318 tamtan

329 1364 490 1436 penitusque
501 1356 624 1417 absoluta
638 1357 796 1414 remaneat?
810 1356 843 1410 Et
858 1358 924 1410 lracc
935 1363 977 1410 est
987 1351 1121 1424 generalis
1169 1356 1321 1426 percandi,
1346 1354 1554 1418 malefaciendi,
1578 1353 1668 1421 impie
1695 1353 1814 1422 agendi.
1838 1351 1961 1406 laenitate

329 1455 474 1511 universae
496 1461 647 1511 creaturae,
673 1462 743 1516 quae
765 1461 783 1509 a
805 1445 932 1501 servitute
952 1438 1129 1507 liberabitur,
1170 1454 1261 1500 autem
1277 1446 1359 1500 totius
1376 1444 1497 1499 malitiae
1509 1442 1621 1512 penitam
1637 1442 1807 1506 subtracta,
1818 1457 1894 1496 noune
1907 1441 1960 1495 sola

329 1536 507 1603 resurreetio,
532 1537 717 1607 mysticaeque
739 1541 838 1597 terrae,
852 1540 963 1584 naturae
986 1528 1120 1592 videlieet,
1169 1524 1291 1602 occasio,
1317 1550 1444 1606 perversa
1477 1534 1604 1588 videlicet
1640 1531 1805 1596 voluntas,
1834 1532 1960 1586 emarus

330 1618 1120 1694 renovatio⁸.l)eqnaPropbetapraedixit:duseresapi-
1169 1628 1252 1683 vernn
1287 1626 1427 1683 guinem?
1469 1624 1506 1681 tn
1538 1625 1614 1680 enim
1654 1623 1732 1691 fide,
1767 1625 1827 1677 551„
1861 1623 1960 1693 opernm

329 1720 549 1780 ritumeorum,et
558 1712 720 1782 denotentur
732 1709 896 1780 inpuioerem
906 1725 983 1764 suum
993 1717 1121 1762 reuerten-
1171 1728 1274 1772 morton
1296 1727 1353 1782 enn-
1367 1716 1425 1772 silet
1438 1716 1510 1770 onim
1525 1714 1546 1748 ¹⁸
1561 1732 1568 1767 :
1583 1715 1625 1768 ita
1637 1722 1798 1784 peecatum
1810 1715 1960 1783 absquepos·

330 1817 388 1867 tar:
403 1802 629 1872 emittesspiritum
642 1799 930 1865 tuum‚etcreabuntur,
944 1806 967 1851 et
985 1796 1118 1850 renovabis
1134 1795 1156 1864 ll
1170 1806 1299 1862 sibilisque
1317 1804 1464 1874 peccandi,
1486 1812 1514 1858 et
1528 1803 1638 1857 matitia
1655 1803 1774 1873 apsque
1790 1802 1922 1858 malefido,
1938 1809 1960 1856 α

329 1896 422 1964 sttctettt
440 1906 534 1949 tettae.
557 1891 608 1960 Qui
623 1891 704 1945 eliam
723 1889 817 1944 iaeinrt'
839 1889 977 1943 Dominum
991 1890 1017 1941 in
1032 1887 1115 1957 operi·
1166 1896 1291 1965 impietas
1305 1896 1407 1964 absque
1426 1893 1558 1949 idolorum
1575 1893 1668 1948 cultu,
1691 1893 1836 1961 Quamuis
1857 1895 1920 1950 enin
1937 1893 1958 1946 i!

330 1989 377 2040 bus
389 1988 444 2041 ruis
458 1985 532 2048 dicit,
544 1982 722 2054 deficientibus
734 1982 937 2052 peccatoribusa
950 1992 1019 2034 terra
1029 1989 1053 2034 et
1063 1979 1116 2033 iru'-
1165 1986 1301 2056 perversis
1313 1983 1497 2042 voluntatibus
1508 1999 1643 2055 perverse
1656 1987 1769 2054 agendi
1791 1987 1916 2056 ,pppqqg
1926 1999 1957 2036 ῃ.

329 2079 399 2146 queis,
413 2079 450 2130 t'ltt
463 2086 491 2130 ιιι
503 2091 554 2130 non
564 2073 773 2141 st‘tti.Qtt0ntotl0
785 2072 856 2128 enini
867 2071 928 2143 quis
941 2086 975 2128 ex
987 2068 1117 2142 peccato·
1166 2076 1267 2145 dotque
1279 2090 1387 2144 sempor
1399 2074 1588 2144 parisiensem,
1618 2076 1765 2145 quoniam
1792 2075 1957 2145 qttotlappctt·

330 2167 525 2232 nominabitur,
545 2173 654 2236 peceato
682 2178 734 2220 non
759 2163 904 2228 exis·ente;
925 2171 972 2217 θυι
994 2160 1116 2230 iniquus,
1167 2171 1220 2229 tur,
1235 2164 1327 2232 perlici
1339 2179 1391 2217 uon
1407 2163 1548 2227 sinitur,et
1560 2164 1586 2216 in
1600 2163 1694 2229 nullo,
1708 2165 1768 2219 nisi
1786 2164 1814 2219 in
1826 2165 1956 2233 mistiae,

329 2256 472 2328 iniquitate
486 2256 641 2312 destructa?
656 2256 732 2311 Sient
744 2255 782 2309 ait
798 2256 867 2310 idem
880 2255 1014 2324 Propheta
1031 2272 1038 2307 :
1055 2251 1117 2308 Non
1167 2253 1273 2308 llarrtma
1289 2253 1436 2308 malevolae
1447 2252 1606 2322 cupiditatis
1632 2255 1723 2310 ardet
1741 2273 1749 2308 :
1768 2256 1837 2326 quid
1857 2255 1956 2310 airudre

328 2356 463 2418 resurgent
477 2346 549 2416 impii
573 2347 600 2398 ia
615 2345 728 2416 judicio.
749 2344 817 2398 Nam
842 2346 949 2415 quaudo
964 2343 1118 2398 humanitas
1167 2345 1307 2415 linquitur,
1317 2345 1367 2399 nisi
1380 2343 1478 2399 foetida
1489 2339 1735 2408 cadavera,ourni
1749 2347 1828 2402 vitali
1838 2346 1956 2411 notulae

329 2438 356 2490 iu
382 2435 582 2491 ressurectione
602 2434 809 2498 restaurabitur,
833 2434 906 2489 oanni
930 2433 1066 2503 impietate
1089 2442 1118 2488 et
1167 2444 1299 2511 est,0uuu
1310 2433 1472 2487 naturalium
1483 2433 1621 2487 botrorum
1637 2434 1753 2491 virtute
1764 2448 1848 2506 atque
1857 2436 1956 2490 saletas

328 2522 431 2579 malitia
442 2531 471 2578 et
483 2532 569 2579 morte
582 2523 745 2579 absolvetur.
760 2523 859 2596 ΑΜ
873 2524 924 2578 boe
941 2538 1028 2592 neque
1041 2523 1115 2589 mati,
1167 2522 1203 2577 tia
1218 2523 1340 2593 privata?
1366 2522 1399 2575 Et
1419 2522 1545 2577 fortassis
1573 2523 1651 2579 tales
1664 2534 1739 2580 sunt
1754 2525 1903 2597 gravissimi
1913 2539 1957 2579 err·

327 2612 675 2686 sternteitnpiiresurgeut3
690 2612 899 2684 sotasiqatdau
918 2622 1011 2668 natura
1028 2628 1117 2669 resura
1167 2613 1254 2667 eiatns
1275 2612 1408 2667 titulorum
1435 2612 1574 2667 bominum
1599 2621 1631 2668 et
1661 2615 1845 2686 arrgelorxm
1865 2626 1890 2670 et
1909 2624 1955 2668 aste

327 2713 372 2774 get
390 2705 414 2770 ¹,
435 2703 559 2773 impietas
576 2718 641 2759 vero
656 2712 684 2759 et
700 2703 801 2759 malitia
820 2711 928 2758 aeterna
947 2702 1118 2757 damnatione
1163 2703 1294 2775 julleium
1307 2702 1437 2767 futurum,
1451 2709 1477 2756 et
1491 2710 1561 2772 post,
1575 2703 1789 2761 malefaciendi
1802 2708 1955 2778 cupiditastt

326 2791 463 2862 peribunt.
480 2791 552 2847 llxsc.
566 2791 631 2860 Quis
641 2800 683 2848 est
692 2806 756 2863 ergo
767 2791 811 2846 ille
820 2800 946 2846 aeternus
956 2790 1036 2860 ignis,
1046 2793 1117 2859 quod
1167 2791 1323 2862 perficiendi
1336 2789 1487 2847 difficultas.
1504 2791 1581 2858 Quod
1597 2802 1703 2849 autem
1720 2811 1780 2851 non
1799 2797 1824 2852 ia
1841 2795 1956 2850 localibus

327 2880 499 2951 supplicium,
523 2866 675 2951 ardensque
698 2880 837 2951 sulphurei
860 2880 871 2911 ⁸
894 2887 1018 2948 stagnum
1032 2877 1117 2946 ignis,
1168 2881 1263 2953 spatiis
1277 2880 1497 2951 corporalibusve
1506 2883 1675 2939 carceribus
1685 2885 1873 2942 diabolaaextu
1882 2899 1955 2938 netu·

327 2973 429 3025 vermis
449 2985 558 3042 quoque
579 2987 634 3028 nou
653 2972 782 3035 moriens,
805 2979 950 3039 ceteraque
974 2976 1116 3032 tormenta,
1167 2970 1224 3026 bris
1254 2971 1310 3026 suis
1335 2969 1481 3041 punietur,
1506 2971 1554 3025 sed
1586 2975 1796 3046 uuusquisque
1817 2975 1881 3030 iutra
1901 2987 1955 3028 saar

326 3073 396 3127 qnae
409 3061 498 3114 divina
518 3061 624 3132 eloquia
647 3060 753 3117 diabolo
770 3058 949 3129 omnibusque
961 3056 1019 3126 ejus
1033 3073 1118 3112 meru-
1168 3059 1257 3113 malae
1269 3058 1414 3113 volitutatis
1425 3056 1554 3114 terminos
1566 3072 1679 3127 poenas
1707 3062 1782 3128 luet,
1798 3064 1886 3120 beatus
1903 3063 1952 3116 ln·

327 3150 385 3205 bris
400 3151 489 3206 lutura
501 3153 762 3222 essepronuutiant?
775 3150 804 3205 Si
814 3151 960 3207 secundom
974 3149 1114 3204 historiam
1128 3141 1151 3204 C
1166 3147 1273 3203 brusias
1291 3148 1317 3202 in
1336 3147 1503 3217 expositione
1515 3147 1541 3201 in
1555 3147 1665 3205 Liream
1678 3152 1836 3209 nrantteue
1847 3151 1951 3211 mant

327 3250 473 3309 rerumque
485 3240 630 3296 visibilium
646 3242 836 3311 proprietatem
848 3250 976 3312 putantur
989 3239 1056 3304 iare,
1068 3254 1116 3294 ne-
1165 3236 1241 3292 lllum
1256 3238 1342 3292 locum
1357 3236 1492 3308 Evangelii
1504 3252 1666 3307 exponens:
1684 3241 1814 3298 Tolieuxr
1824 3242 1951 3298 arantur

326 3328 446 3382 cessario
462 3328 488 3383 in
504 3328 593 3399 aliqua
607 3337 683 3399 parte
699 3331 791 3384 mundi
804 3332 939 3386 sensibilis
952 3331 1115 3387 sensibiliter
1164 3328 1272 3399 pedibus
1286 3328 1380 3399 ligatus
1391 3330 1424 3394 ¹⁸,
1438 3341 1462 3383 er
1473 3330 1589 3384 mittetur
1601 3332 1625 3364 ¹'
1638 3334 1667 3388 in
1680 3335 1813 3392 tenebras
1828 3337 1948 3394 earm

326 3427 417 3474 erunt.
445 3419 479 3474 Et
499 3419 522 3474 si
549 3419 586 3474 ita
600 3428 642 3474 est
653 3427 676 3486 t,
694 3420 810 3474 mundus
829 3421 881 3479 iste
901 3429 949 3476 aut
974 3429 1046 3477 totus
1068 3429 1115 3476 aut
1164 3425 1220 3480 illie
1235 3426 1283 3480 erit
1296 3426 1372 3496 pietur
1388 3424 1519 3479 etstridor
1536 3424 1671 3482 dentium.
1686 3428 1773 3496 Quae
1787 3430 1950 3487 uerteretur

326 3507 415 3576 aliqua
430 3506 565 3578 perseius
577 3509 769 3575 reservabitur,
783 3509 809 3564 iu
824 3526 878 3580 qua
898 3512 1042 3566 damnandi
1054 3524 1114 3582 per·
1164 3515 1303 3568 exteriores
1312 3514 1325 3567 i
1335 3511 1362 3566 Ν
1364 3511 1462 3583 utrquiti
1474 3511 1529 3566 illic
1541 3530 1648 3584 qaoque
1664 3533 1769 3573 career
1782 3519 1878 3591 aliqaix
1896 3518 1948 3569 lara·

326 3607 409 3668 petuo
423 3595 631 3652 damnabuntur.
656 3598 831 3672 deperires
846 3612 900 3652 uon
916 3596 1036 3652 solvetur
1057 3612 1115 3651 am·
1164 3604 1284 3674 anaeque
1310 3603 1461 3658 subeundae
1484 3603 1566 3658 runt?
1588 3604 1721 3662 lliniuve.
1740 3608 1800 3665 Sed
1811 3621 1948 3681 quam

326 3691 404 3757 nino,
418 3704 506 3760 neque
519 3690 762 3756 consummabitur,
774 3691 825 3745 boc
836 3699 887 3755 est,
903 3690 930 3745 iu
944 3704 1040 3745 causas
1052 3704 1115 3745 suas
1164 3704 1238 3749 ertro
1248 3692 1376 3763 prouuirxu
1391 3705 1451 3746 auur
1463 3693 1618 3747 caelestium
1641 3699 1856 3765 mandatorem,
1868 3702 1891 3752 ix
1901 3709 1947 3750 aar

324 3794 380 3835 uon
402 3794 561 3836 reversuras
582 3787 624 3836 est
646 3778 669 3845 ⁸,
695 3779 803 3848 quaudo
819 3779 888 3834 Deus
904 3779 991 3834 omnia
1007 3780 1035 3833 in
1057 3794 1114 3832 oru-
1165 3783 1217 3837 brix
1229 3782 1397 3837 exterioribus
1410 3792 1481 3847 aaut,
1497 3783 1559 3852 quia
1573 3785 1713 3841 mandata
1729 3788 1784 3844 Dei
1797 3789 1946 3845 tanam:

326 3869 402 3924 nibus
414 3869 474 3923 erit.
500 3869 559 3939 ipsa
572 3878 615 3924 est
627 3868 729 3934 entur,
744 3877 773 3922 ut
785 3868 977 3938 praediximus,
990 3882 1115 3924 cousum-
1165 3873 1413 3943 etquicunquesine
1432 3870 1535 3925 cbristo
1556 3881 1605 3938 ext,
1631 3876 1660 3928 iu
1697 3878 1820 3934 tenebris
1843 3888 1885 3941 eat,
1902 3877 1947 3947 fir

327 3957 410 4013 matio
423 3958 527 4023 muudi,
546 3966 573 4012 et
591 3973 644 4012 nou
659 3958 722 4023 alia,
740 3959 823 4012 lteram
838 3960 927 4013 omnia
947 3958 969 3991 ¹·
984 3959 1011 4013 in
1028 3959 1116 4015 omui·
1165 3956 1368 4015 iameninterius
1381 3961 1499 4014 cbristus
1510 3968 1548 4014 ext
1560 3959 1592 4014 ¹⁸.
1606 3959 1684 4033 Ergo
1702 3964 1944 4038 nequemnrrt'u

327 4043 378 4100 bus
400 4060 469 4101 esse.
494 4046 527 4100 Et
539 4047 611 4116 quod
630 4055 673 4103 est
699 4048 818 4117 gravius,
844 4048 909 4117 quid
931 4050 1069 4119 punietur,
1092 4048 1115 4104 si
1166 4053 1263 4108 stridor
1279 4053 1374 4124 otiqrrix
1389 4054 1521 4117 dentiam,
1536 4069 1619 4125 neque
1634 4057 1710 4126 inuris
1724 4061 1944 4132 strennum

327 4135 429 4191 nullum
445 4138 465 4169 ¹¹
477 4136 654 4193 substantiale
664 4138 824 4206 subjeetum,
838 4141 908 4209 quod
920 4141 1007 4210 puniri
1019 4143 1113 4212 possit,
1165 4141 1332 4213 flammarum
1343 4151 1380 4195 est
1393 4142 1675 4214 commodarumque
1691 4153 1795 4207 uvaia
1806 4165 1843 4208 ext
1852 4163 1943 4219 nm*

328 4224 528 4281 nullo¹¹m0do
548 4227 727 4283 remanserit?
746 4227 832 4284 Porro
854 4231 878 4285 sl
900 4236 971 4285 totus
989 4231 1114 4298 mundus,
1166 4229 1265 4295 lisseol
1278 4229 1504 4301 barrideuquta,
1519 4231 1584 4284 sicut
1611 4249 1647 4288 ea
1673 4239 1769 4292 matra
1798 4241 1942 4294 murare

328 4317 572 4388 universaliterque
581 4324 638 4372 tota
649 4327 786 4385 ereatura,
798 4334 896 4389 quaea
913 4321 967 4375 [teo
979 4319 1050 4376 laeta
1061 4330 1116 4387 est,
1167 4317 1250 4386 febres
1266 4327 1410 4371 nascuntur
1424 4327 1447 4371 et
1460 4335 1565 4381 uermes,
1579 4320 1632 4386 ita,
1646 4323 1670 4376 xi
1694 4327 1761 4395 qais
1779 4344 1830 4383 aa.
1843 4329 1940 4395 desp

326 4412 355 4469 in
369 4421 495 4468 aeternas
509 4424 616 4474 θθυθθθ,
632 4409 658 4464 ἱυ
674 4410 772 4480 quibus
794 4410 925 4476 subsistit,
943 4425 995 4467 non
1010 4418 1052 4468 est
1067 4427 1114 4466 xe·
1166 4401 1270 4478 peccata
1282 4422 1330 4461 suo
1344 4407 1410 4461 uetat
1421 4408 1534 4477 quadarn
1549 4408 1712 4480 interposita
1732 4412 1937 4472 monuncourt

325 4517 449 4568 versura,
465 4509 521 4557 tota
536 4502 624 4557 adbuc
643 4509 733 4557 nostra
749 4501 918 4557 ratiocinatio
939 4502 1013 4558 irrita
1034 4504 1113 4574 peni·
1126 4471 1154 4534 D
1166 4497 1279 4563 muriae,
1292 4496 1337 4551 red
1354 4495 1484 4550 eviscerabo
1495 4507 1601 4566 peccata
1615 4505 1753 4570 precatis,
1768 4517 1885 4577 rama·
1896 4518 1936 4557 rra

326 4597 425 4660 iusque
439 4590 569 4646 dissoluta
582 4589 721 4644 residebit.
742 4588 811 4645 llas.
824 4588 853 4643 lu
868 4605 967 4645 vattttttt
981 4589 1113 4647 taboravt-
1166 4586 1409 4658 dilatetnquandaut
1422 4587 1557 4640 contrabat
1568 4587 1590 4618 ¹·
1599 4600 1725 4648 veterana
1739 4605 1764 4650 et
1776 4592 1936 4651 remu*

326 4691 397 4743 mus,
410 4677 433 4732 si
446 4677 483 4731 ita
495 4675 587 4742 fuerit,
599 4677 803 4748 sententiaeque
819 4687 973 4734 sanctornm
988 4678 1113 4747 Petrum,
1166 4678 1296 4741 lictorum,
1308 4677 1366 4746 igne
1379 4677 1504 4730 aduretur
1516 4677 1636 4746 proprio,
1651 4690 1676 4734 rt
1692 4686 1753 4740 stris
1763 4684 1934 4741 nmirum·

328 4778 397 4834 quas
408 4765 617 4831 introduximus,
630 4765 786 4837 redigentur
799 4767 826 4821 in
840 4768 936 4835 risum,
947 4768 1017 4837 quod
1031 4768 1112 4825 absit.
1167 4777 1294 4822 suuntur.
1311 4763 1385 4820 liade
1410 4775 1434 4820 et
1453 4765 1539 4820 lsaias
1565 4769 1603 4820 ait
1620 4783 1631 4821 .·
1654 4772 1800 4830 Ambulatr
1813 4774 1839 4826 ivr
1855 4770 1932 4825 tur·

327 4855 401 4911 orsa.
418 4853 553 4909 Succurre
569 4854 675 4924 itaque,
698 4856 785 4926 deque
808 4858 1114 4926 praedictistormento·
1167 4859 1235 4928 iqnis
1261 4857 1348 4921 uestri,
1363 4866 1386 4910 et
1403 4858 1610 4926 {tanumeros
1633 4859 1878 4931 accendatislflia
1894 4866 1928 4914 er,
1987 4837 1992 4851 ’

327 4957 389 4997 rant
405 4941 555 5011 speciebus,
575 4957 644 5011 quas
664 4945 753 5000 divina
777 4960 830 4999 nou
852 4948 965 5002 mendax
984 4951 1120 5022 promittit
1165 4963 1241 5019 quern
1264 4955 1368 5016 generat
1390 4946 1520 4998 oroeaeirio
1544 4944 1725 5017 debetorum,-
1747 4951 1833 5009 md·
1849 4957 1891 5012 αἱ,
1906 4958 1927 4996 '¹
1982 5014 1983 5018 ,

329 5029 452 5094 lrlstoria,
467 5028 632 5099 probabilem
646 5031 729 5085 redde
741 5031 881 5086 rationem.
1166 5038 1235 5109 quod
1249 5036 1440 5091 irrationabilia
1458 5037 1561 5091 animae
1574 5051 1686 5108 peccata
1709 5054 1818 5100 mesta
1837 5041 1870 5094 rei
1885 5050 1924 5090 rra
1986 5029 1988 5034 ’

363 5121 408 5177 29.
428 5119 498 5176 Mne.
514 5117 638 5175 Diversae
650 5119 841 5190 suppliciorum
854 5119 955 5179 formas
972 5139 1024 5180 uon
1039 5123 1116 5182 loca·
1166 5141 1274 5196 sunxque
1286 5133 1506 5195 corrumpente
1516 5123 1923 5196 qrtaedarneaedantaiusrrttt·
1980 5192 1984 5200 ..

965 5239 1096 5297 taltlmt
1114 5239 1313 5298 tecttottsss.

365 5349 485 5419 ¹bberi
499 5349 589 5419 possit.
627 5358 702 5402 ¹aut
717 5349 773 5419 ipro
788 5358 856 5404 certe
872 5366 942 5405 mors
961 5360 1066 5406 amb.
1104 5351 1441 5418 ⁸Stoct;1treuocauo.
1478 5353 1545 5410 ‘Sic
1562 5356 1622 5422 (Ἐς
1639 5359 1662 5414 Α
1678 5361 1860 5431 quisperrator
1870 5366 1916 5409 va·-
1982 5366 1983 5373 ’

328 5418 340 5451 ⁸
360 5420 414 5474 rota
433 5419 560 5488 siquidem
580 5428 675 5473 natura
695 5429 810 5489 resurget
830 5433 883 5474 om.
905 5419 958 5475 ct.
996 5426 1007 5460 ⁸
1026 5419 1075 5477 Sic
1089 5421 1126 5488 l‘;
1143 5422 1287 5492 tlsuipitur
1301 5431 1342 5486 et,·
1355 5423 1376 5476 C
1388 5423 1488 5490 sultare
1504 5433 1639 5494 stagnum.
1679 5438 1690 5469 r
1709 5443 1812 5486 esrom,
1822 5430 1850 5483 Α,
1876 5422 1916 5472 'at

328 5504 373 5542 our
397 5487 450 5542 Cli.
488 5488 706 5553 ’brainam
735 5489 863 5542 10ουιυὶυ
887 5503 942 5544 om.
968 5490 1002 5543 Α.
1041 5493 1064 5522 ¹¹
1085 5491 1225 5549 SiebCF.
1263 5491 1285 5522 ¹¹
1303 5491 1348 5544 Sic
1375 5491 1451 5546 ΑΕΒ.
1489 5493 1830 5553 1Ἰϊυθθιθίθιιθειυιὶ.
1860 5491 1916 5542 ''5⁴'‘

323 5557 442 5682 &ab
456 5571 510 5613 ont.
534 5557 903 5680 nijuttaeutuome.
942 5557 1113 5636 {⁸rlligatix.
1166 5563 1187 5632 ξ’
1207 5558 1362 5626 senec
1377 5561 1480 5616 mittite.
1531 5564 1553 5595 ¹⁸
1567 5561 1609 5617 CF
1636 5577 1675 5618 ert
1699 5568 1824 5622 cinnas.
1860 5558 1915 5612 ”Sti
1967 5580 1978 5659 ι·

382 5642 390 5695 3
420 5664 428 5680 .
468 5637 606 5682 coutraut.
