3984 6534
151 352 203 444 ,bf
887 358 1102 420 rrooautuu.

4 426 150 826 V
183 483 320 551 dubium
340 498 414 549 esse
434 481 561 563 nequit.
581 479 689 544 Codex
712 476 856 542 numeris
879 476 1030 540 foliorum
1062 483 1146 541 caret
1175 496 1184 538 1
1214 482 1339 542 constat
1355 478 1442 543 foliis
1462 480 1513 545 18.
1543 481 1642 547 initio
1673 484 1805 553 mutilus

185 623 247 682 est.
268 619 305 681 ln
326 617 414 681 foliis
444 616 584 681 sedecim
606 613 769 696 prioribus
796 616 899 676 exstat
927 609 1139 690 fragmentum
1174 610 1335 690 primum,
1370 611 1603 678 characteribus
1638 619 1746 682 seculi
1779 625 1807 691 x

182 749 302 829 vellii,
314 753 488 815 atramento
508 748 601 827 nigro
612 745 827 827 pulcherrime
837 751 1003 806 exaratum
1022 763 1029 802 ε
1048 741 1325 823 paginafilineas
1346 740 1565 808 haberesolet.
1578 746 1671 810 Folia
1692 749 1806 829 viginti

182 899 262 957 sex,
279 897 363 962 quaa
378 885 581 962 sequuntur,
610 877 825 959 fragmentum
856 875 993 939 alterum
1023 873 1188 937 exhibent.
1224 875 1249 934 E
1279 848 1404 953 'quibus
1433 879 1505 938 octo
1540 874 1647 955 priora
1669 880 1808 960 etprior

182 1012 299 1091 pagiua
316 1010 396 1077 noni
415 1007 942 1107 atramepfomultumpallidiore
964 1006 1076 1071 eadem
1091 1023 1188 1070 manu
1210 1011 1286 1071 sunt
1300 1013 1444 1085 exarata3
1470 1013 1575 1072 cetera
1593 1009 1673 1075 folia
1696 1014 1806 1079 eodem

182 1142 309 1223 nigro,
350 1157 417 1222 quo
449 1104 665 1220 fragmentum
712 1102 864 1219 primum.
914 1088 1270 1218 mmmm
1315 1138 1356 1200 21
1398 1146 1617 1205 numerantur.
1662 1145 1807 1213 Tertium

180 1268 322 1351 denique
359 1269 572 1349 fragmentum
609 1269 754 1350 quinque
782 1267 869 1331 foliis
889 1274 1028 1344 constat,
1049 1268 1132 1363 'alia-
1149 1286 1246 1361 manu
1280 1270 1405 1352 aequali
1428 1272 1547 1338 arctius
1582 1293 1620 1341 ae
1640 1281 1808 1361 negligen-

15 1336 119 1507 ,ff
129 1372 250 1497 ‘j‘tius
271 1399 439 1481 scriptum.
462 1398 498 1461 ln
520 1398 633 1479 pagiua
650 1398 753 1462 lineas
770 1399 809 1461 29
838 1366 1185 1510 numerari.}criptor
1201 1406 1328 1497 ¹'quater
1348 1401 1489 1482 integras
1517 1409 1709 1490 sententias,
1731 1432 1809 1496 qum

33 1616 46 1639 .
68 1508 126 1615 ff
185 1531 358 1605 omiserat,
387 1530 471 1595 infra
491 1537 547 1594 aut
568 1548 665 1610 supra
686 1529 822 1611 margini
850 1529 1029 1609 adscripsit.
1053 1530 1090 1592 ln
1119 1529 1217 1592 altera
1238 1529 1344 1609 quinti
1363 1528 1434 1595 folii
1455 1532 1572 1612 pagina
1592 1533 1809 1617 fragmentum

69 1638 100 1723 ’1
182 1659 225 1725 111
246 1660 386 1739 desinit,
410 1666 445 1724 ut
471 1661 542 1742 eius
564 1663 603 1725 10
623 1666 747 1725 tautum
770 1659 872 1722 lineas
893 1665 990 1740 tegat.

219 1785 753 1870 Haecigiturtriafragmentaltf.
771 1786 806 1848 lt.
820 1784 998 1848 ltavaissou
1020 1783 1105 1848 edita
1127 1783 1212 1864 typis
1231 1785 1456 1866 repetivimus.
1476 1787 1587 1857 Codex
1608 1811 1686 1859 vero
1708 1815 1808 1880 quum

175 1932 255 1983 sero
275 1917 310 1981 in
332 1934 446 1983 manus
466 1933 555 1980 meas
576 1917 736 1991 venisset,
759 1916 863 1979 varias
885 1913 1039 1978 lectiones
1060 1913 1302 1994 sententiasque
1332 1914 1472 1995 integras
1502 1918 1542 1982 ab
1566 1917 1622 1983 illo
1648 1922 1810 2000 neglectas

17 1726 51 1801 'l

176 2054 241 2111 aut
266 2048 404 2114 omissas
426 2051 467 2117 ad
505 2051 623 2117 calcem
644 2049 796 2115 editionis
828 2047 1054 2110 adscribendas
1084 2048 1202 2109 curari.
1224 2049 1288 2111 Nec
1312 2064 1376 2112 non
1394 2058 1544 2130 quartum
1570 2053 1811 2141 fragmentum,

180 2179 400 2280 quodmaciem
426 2179 515 2245 illius
548 2174 680 2243 omniuo
719 2181 895 2256 effugerat,
926 2175 1046 2238 detexi.
1085 2176 1192 2256 Spatio
1228 2177 1314 2240 euim
1349 2179 1446 2243 trium
1483 2182 1641 2253 linearum
1673 2194 1810 2276 relicto,

8 2242 67 2381 Ι1
184 2312 298 2376 eadem
320 2328 437 2401 manus
466 2310 564 2391 primi
594 2315 624 2372 et
655 2308 790 2401 alterius
819 2308 988 2387 fragmenti
1019 2314 1195 2372 atramento
1229 2310 1363 2391 quidem
1393 2313 1583 2394 pallidiore,
1603 2321 1662 2385 sed
1692 2327 1810 2406 pariter

180 2439 288 2503 nitide
306 2438 372 2501 boc
389 2437 604 2515 fragmentum
626 2434 804 2516 subjunxit.
826 2435 920 2510 Quod
941 2434 1021 2516 quin
1043 2435 1188 2517 ejusdem
1210 2439 1432 2502 commertarii
1448 2438 1668 2521 fragmentum
1683 2450 1739 2528 sit,
1757 2455 1809 2519 rix

184 2567 352 2634 dubitaris.
383 2569 489 2645 Quare
532 2566 613 2631 banc
652 2584 783 2649 quoque
818 2567 1004 2648 particulam
1040 2569 1080 2632 ad
1116 2566 1234 2633 calcem
1274 2569 1427 2635 editionis
1464 2572 1641 2642 addendam
1683 2584 1807 2661 putari.

176 2704 336 2768 ..Ultimam
364 2703 506 2786 denique
535 2703 655 2769 codicis
673 2705 830 2785 «paginam
861 2704 968 2768 tabula
998 2704 1160 2786 paschalis
1188 2711 1287 2769 tenet.

184 2837 192 2890 t
223 2823 423 2905 Quapropter
451 2841 552 2907 quum
581 2841 633 2888 res
658 2823 702 2888 ita
730 2841 765 2888 se
797 2824 959 2898 belmunt,
991 2824 1142 2905 equidem
1172 2825 1330 2906 suspicor,
1363 2829 1552 2911 scriptorem
1571 2836 1707 2916 codicis,
1736 2859 1810 2917 curn

184 2938 344 3038 'coepisset
375 2955 638 3023 commentarium
668 2956 839 3037 diligenter
870 2955 1073 3032 describere,
1097 2971 1173 3020 mox
1200 2959 1342 3039 suscepti
1370 2968 1553 3041 pertaesum
1583 2969 1639 3033 alii
1674 2971 1709 3035 id
1738 2991 1811 3041 mu·

183 3104 248 3154 nus
266 3086 525 3170 persequendum
553 3084 735 3160 tradidisse,
759 3085 816 3148 sed
842 3086 894 3149 ad.
911 3086 1000 3149 locos
1023 3084 1064 3146 de
1102 3103 1190 3149 saera
1219 3103 1319 3152 coena
1355 3089 1490 3171 (doaso.
1532 3096 1594 3175 Vl,
1625 3102 1686 3184 11)
1709 3123 1811 3186 quum

181 3220 212 3283 is
237 3219 461 3301 peruenisset,
489 3233 532 3280 ne
559 3216 718 3297 ineptias,
748 3234 829 3298 quas
853 3216 893 3279 de
919 3218 968 3279 Ss.
989 3216 1190 3282 Eucharistiae
1216 3221 1356 3286 loannes
1380 3223 1494 3288 Scotus
1521 3227 1671 3297 docuisse
1689 3235 1810 3321 ferturl,

180 3353 252 3434 ipse
285 3353 367 3417 tueri
397 3349 574 3425 uideretur,
605 3349 738 3413 omuino
765 3355 877 3430 coepto
903 3348 1087 3422 destitisse,
1125 3350 1231 3415 solum
1268 3358 1376 3416 autom
1404 3354 1618 3437 fragmentum
1654 3373 1809 3444 quartum

182 3481 223 3547 de
255 3479 410 3545 sacrificio
437 3483 556 3547 missae
585 3481 619 3544 in
649 3496 744 3544 usum
773 3498 869 3544 suum
893 3480 1112 3560 subjunxisse.
1140 3483 1253 3545 Postea
1281 3484 1483 3550 membranae
1510 3491 1700 3571 nonnullae,
1725 3514 1811 3578 qua.

183 3632 254 3681 rum
281 3622 506 3696 argumentum
534 3614 641 3697 quoad
667 3614 843 3678 doctrinam
872 3614 994 3695 pariter
1022 3613 1193 3677 offensioni
1220 3620 1306 3690 erat,
1334 3615 1492 3680 abscissae
1520 3625 1606 3684 sunt.
1635 3621 1708 3697 Quo
1725 3624 1809 3694 facto

121 3752 124 3757 '
181 3766 223 3814 ue
248 3751 344 3832 plura
374 3752 605 3833 perderentur,
637 3750 772 3831 ligatura
807 3748 985 3815 recentiore
1021 3754 1150 3813 cautum
1189 3754 1248 3811 est.
1282 3748 1384 3813 Probe
1422 3749 1509 3814 enim
1548 3751 1809 3837 animadvertas,

183 3879 244 3945 boc
271 3883 343 3961 ipso
372 3882 466 3958 loeo,
498 3883 553 3946 ubi
581 3881 659 3947 falsa
688 3881 807 3963 peccati
837 3880 1002 3961 originalis
1034 3878 1177 3943 doctrina
1216 3877 1378 3958 coeperit,
1405 3877 1547 3957 primum
1576 3882 1809 3967 fragmentum,

184 4014 215 4073 et
241 4011 360 4092 Evang.
398 4014 489 4074 toan.
517 4013 570 4086 lv,
598 4014 637 4075 28
664 4011 800 4075 alterum
831 4011 929 4074 finiri.
968 4012 1077 4073 Restat
1119 4015 1153 4073 ut
1190 4025 1358 4085 moneam,
1388 4009 1421 4073 in
1455 4010 1518 4074 line
1554 4011 1723 4093 fragmenti
1762 4021 1811 4087 ill

183 4141 282 4227 (infra
311 4143 371 4207 nol.
405 4145 495 4228 317),
520 4160 630 4212 rocem
665 4144 823 4209 cerebrum
856 4159 954 4206 mauu
984 4140 1149 4223 scriptoris
1180 4141 1216 4204 in
1256 4141 1363 4204 locum
1398 4141 1546 4206 vocabuli
1587 4145 1650 4209 rasi
1683 4148 1811 4214 substi-

172 4280 286 4341 ¹tutum
315 4278 463 4344 distinete
498 4277 574 4356 legi.
601 4278 688 4342 llaec
717 4274 849 4357 quidem
878 4272 918 4336 de
948 4273 1009 4335 boc
1037 4270 1269 4335 commentario
1294 4269 1464 4333 sufficiant.

221 4407 305 4483 510.
337 4404 581 4471 Transeundum
608 4402 720 4468 estad
752 4399 975 4482 systematieos
1005 4396 1137 4459 ioannis
1167 4395 1252 4459 Secti
1285 4396 1397 4462 libros.
1433 4402 1480 4464 Ex
1506 4404 1626 4484 quibus
1652 4406 1723 4483 ille,
1746 4428 1806 4501 qu,

179 4531 217 4597 da
239 4533 526 4600 Praedictiaatioaa
552 4535 762 4607 inscribitur,
791 4529 895 4609 prodit
923 4528 964 4591 etl
985 4525 1081 4591 fidem
1113 4527 1233 4592 codicis
1260 4530 1452 4596 Parisiensls
1483 4535 1515 4598 S.
1534 4537 1689 4602 Germani
1705 4541 1806 4621 13111,

180 4659 257 4723 olim
302 4662 383 4732 dat,
405 4662 602 4740 recognitus.
637 4662 694 4723 Est
721 4666 828 4723 autem
854 4658 956 4723 codex
976 4658 1249 4736 ,membranaceus
1280 4663 1381 4728 seculi
1410 4665 1462 4741 x,
1491 4667 1533 4743 l‘,
1560 4669 1662 4737 nitide
1689 4692 1808 4741 exara-

181 4793 256 4865 tus,
279 4796 470 4871 constatque
506 4789 596 4855 foliis
630 4790 702 4853 aot.
740 4791 889 4855 Servatur
926 4789 961 4853 iu
996 4787 1192 4854 bibliothece
1233 4791 1331 4872 Regia
1371 4793 1515 4859 Parisiis.
1548 4799 1683 4867 loannis
1717 4804 1805 4873 Scoti

182 4914 264 4981 liber
306 4923 407 4987 exstat
445 4916 502 4983 fol.
539 4919 663 4993 oe,1-
685 4920 792 4992 loom.
831 4919 931 4981 Tituli
964 4917 1104 4999 capitum
1149 4919 1182 4981 iu
1224 4920 1333 4984 codice
1374 4921 1546 5003 leguntur;
1588 4931 1680 4995 solus
1709 4934 1807 5013 primi

110 5102 114 5109 .
182 5050 296 5133 cupitis
328 5050 442 5115 titulus
479 5051 690 5118 desideratur.
720 5053 878 5115 Numeros
909 5051 1048 5132 capitum
1082 5053 1239 5119 recentior
1268 5071 1382 5118 manus
1425 5063 1603 5125 atramento
1642 5063 1806 5145 pallidiori

179 5181 317 5247 addidit.
348 5183 482 5249 bibrum
518 5203 536 5249 e
569 5184 681 5248 Codice
703 5184 891 5265 {Corbeieosi
930 5183 1129 5247 bibliothecae
1159 5185 1193 5248 S.
1230 5184 1375 5248 Germani
1400 5206 1420 5247 a
1450 5186 1558 5251 Protin
1580 5192 1672 5258 solus
1704 5194 1808 5267 edidit

184 5313 340 5397 Mauortia
375 5317 410 5380 iu
434 5316 561 5397 sylloge
590 5317 642 5380 cui
673 5315 812 5381 titulus:
843 5316 982 5378 Veterum
1010 5315 1203 5393 ductorum,
1231 5319 1286 5399 qui
1315 5319 1367 5381 IX
1388 5320 1491 5383 secale
1519 5321 1556 5386 de
1584 5282 1807 5387 Proetiutittcss

185 5446 268 5511 tione
294 5458 323 5514 et
360 5449 474 5514 Gratia
512 5449 725 5529 scripserant,
766 5466 861 5528 opera
900 5455 927 5510 et
953 5449 1127 5530 {tegmento
1160 5449 1264 5514 Paris.
1299 5454 1402 5529 1650,
1432 5455 1474 5530 Ψ,
1500 5458 1591 5523 Tom·
1612 5458 1654 5532 al,
1683 5474 1715 5536 p.
1747 5459 1807 5523 filil

177 5594 257 5660 sqq.
284 5582 348 5647 Nec
374 5580 522 5647 absimile
555 5580 624 5643 reri
660 5597 732 5643 esse
756 5579 903 5659 ridetur,
942 5580 1081 5644 eundem
1122 5581 1263 5645 codicem
1301 5601 1393 5659 esse,
1431 5602 1496 5669 quo
1527 5588 1676 5653 utebatur
1708 5589 1806 5654 blau-

181 5674 319 5789 guiuus.
352 5709 417 5785 Qui
446 5726 548 5792 quum
574 5709 998 5790 munerenegligentissime
1016 5706 1147 5773 functus
1164 5707 1226 5789 siti
1241 5709 1281 5775 ad
1306 5710 1427 5787 codicis
1452 5711 1548 5787 fidem
1568 5718 1701 5803 ¹textum
1726 5731 1806 5797 per-

188 5839 423 5929 perpolirimus
439 5837 723 5927 acceparatimus.
1503 5814 1506 5819 Α
