3984 6534
186 471 258 528 tm·
602 465 716 527 suern
734 463 947 526 umnemstt
964 420 1170 525 mussanti
1187 404 1219 521 Ξ.
1238 462 1399 524 ntonrsn.
1584 415 1613 421 γ’
1770 467 1823 526 rra
1895 422 1899 429 ’

187 601 252 659 ceps
261 592 349 658 potest
368 597 459 656 agere.
474 582 523 638 Cui
546 585 637 640 sensui
652 582 767 647 arridet,
780 583 853 653 qaod
872 582 900 637 in
926 578 979 636 alio
991 584 1018 645 Α
1031 578 1119 634 sancti
1133 577 1284 635 intellectus
1296 589 1463 635 sanctorum.
1480 579 1514 635 lit
1532 579 1690 637 dissimilem
1701 588 1824 637 sanctam

185 678 290 752 psalmo
304 678 438 749 seriptum
458 678 742 734 mstsetsubstsntts
755 684 816 734 tnea
831 678 858 732 in
870 674 979 732 inienio
1031 669 1146 741 figuram
1171 669 1316 737 honorant,
1334 670 1386 753 ¹199
1385 679 1461 761 cst,
1481 680 1577 728 sancta
1601 671 1645 727 illa
1672 672 1824 728 divinarum

186 771 261 827 ribm
272 778 366 826 terrae
380 789 403 834 s,
416 768 469 825 hoe
480 777 531 834 rat,
547 775 575 824 et
583 767 736 825 substantia
745 783 806 825 mea
819 770 840 834 ¹,
852 781 923 837 quae
931 781 980 838 per
1030 775 1123 815 rerum
1140 760 1275 831 figuratio,
1289 763 1414 833 quamvis
1435 762 1516 836 longe
1538 764 1678 820 dissimilis
1699 764 1735 821 sit
1757 763 1826 836 ipsis

183 863 303 932 seipsam
321 832 566 932 sapientia—*Usu
580 858 607 914 in
622 858 910 924 tusculanensem,
927 858 979 913 hoe
1031 853 1213 909 intellectibus
1230 869 1351 925 peream
1365 854 1537 926 significatis,
1553 857 1704 913 honoratur
1720 871 1738 913 a
1759 871 1825 913 san·

183 960 238 1019 est,
251 952 283 1009 iu
297 951 406 1007 intimis
414 959 527 1008 naturae
537 950 663 1007 conditae
687 950 792 1007 sinibus
813 950 823 981 ¹
845 950 977 1006 subsistit.
1031 945 1082 1000 ctis
1097 946 1252 1016 theosophis
1272 956 1353 1016 atque
1377 947 1400 979 ¹⁸
1420 947 1568 1018 prophetis.
1593 947 1662 1003 Dum
1681 947 1753 1004 enim
1777 961 1826 1020 aas

184 1044 256 1100 Esse
273 1043 346 1100 enim
361 1043 481 1099 omnium
502 1051 554 1108 est,
573 1056 716 1114 superesse
733 1042 899 1097 Divinitatis.
912 1039 980 1097 ller-
1031 1052 1084 1101 res,
1097 1052 1167 1106 quae
1184 1037 1381 1109 significantur,
1399 1053 1466 1108 pure
1485 1038 1648 1110 intelligunt,
1664 1038 1737 1109 ipsas
1748 1039 1827 1110 prins

187 1134 243 1188 mis
265 1135 367 1203 itaque,
392 1133 438 1204 qui
462 1131 552 1188 abdita
576 1132 658 1187 totius
680 1139 823 1187 creaturae
846 1139 978 1201 penetrat,
1031 1129 1177 1193 honorant,
1190 1129 1437 1199 quoniamdirinae
1452 1137 1480 1185 et
1493 1129 1730 1201 supermundanae
1749 1135 1824 1185 sunt.

188 1199 346 1296 sapientis
339 1226 425 1297 patris
440 1234 491 1289 est,
509 1239 580 1296 quae
592 1225 655 1279 dum
669 1231 711 1279 est
728 1229 739 1254 ⁸
763 1224 855 1290 homo,
871 1237 980 1279 omnem
1030 1219 1234 1289 Consequenter
1254 1222 1337 1276 ctiam
1353 1237 1447 1276 earum
1463 1222 1636 1294 figurationes
1654 1223 1694 1288 ¹⁸,
1721 1222 1778 1279 sire
1791 1236 1826 1278 ex

186 1324 297 1385 superat
320 1315 527 1372 humanitatem.
554 1314 624 1370 dudi
642 1314 801 1384 Apostolum
822 1315 856 1370 de
874 1329 904 1371 se
922 1315 981 1386 ipso
1031 1306 1217 1381 superioribus
1231 1311 1379 1368 materialis
1393 1321 1535 1369 creaturae
1551 1312 1683 1384 partibus,
1700 1314 1756 1370 sire
1768 1327 1827 1370 me·

182 1408 361 1477 loquentem:
381 1423 392 1458 s
408 1405 510 1462 Paulus
526 1388 676 1476 aposstolus
695 1420 748 1459 non
768 1407 802 1461 ah
813 1406 979 1472 hominibus,
1032 1402 1094 1468 diis,
1111 1403 1168 1456 sire
1181 1402 1335 1458 novissimis
1350 1403 1507 1470 translatas,
1522 1419 1575 1459 non
1596 1405 1732 1461 immerito
1746 1418 1826 1461 rene·

182 1515 273 1570 neque
290 1515 340 1570 per
364 1500 515 1568 hominem,
538 1501 586 1556 sed
605 1515 655 1570 per
672 1498 765 1556 iesum
788 1499 938 1564 Christum,
953 1510 981 1556 et
1031 1504 1136 1562 rantur,
1163 1495 1391 1567 intellectualique
1424 1498 1598 1555 distinctione
1620 1507 1647 1554 et
1664 1499 1828 1555 discretione

184 1592 399 1664 honaugiensem,
418 1594 466 1665 qui
481 1594 625 1650 naseinais
638 1609 728 1649 eumn
746 1595 862 1649 mortuis
872 1613 894 1647 s.
909 1593 981 1648 Non·
1031 1601 1077 1641 res
1097 1588 1169 1658 ipsas
1182 1588 1239 1643 suis
1254 1588 1459 1661 figurationibus
1482 1598 1635 1662 segregant.
1655 1605 1706 1647 nec
1727 1590 1829 1663 bgurss

182 1685 293 1754 neipse
316 1694 357 1741 est
371 1686 503 1756 mysticus
529 1684 699 1751 illerermis,
716 1685 742 1740 in
766 1685 843 1754 cujus
863 1686 981 1757 imagine
1031 1695 1081 1749 pro
1103 1682 1175 1737 reris
1191 1682 1387 1750 intellectibus,
1420 1699 1471 1740 nec
1495 1698 1574 1740 ueros
1599 1685 1752 1742 intellectus
1778 1702 1828 1758 pro

181 1777 402 1848 quingentesimo
426 1777 438 1810 ⁸
463 1792 572 1847 semper
591 1794 663 1833 anno
685 1786 823 1834 transacto
837 1779 871 1833 de
889 1780 981 1836 cinere
1032 1772 1126 1841 liguris
1147 1775 1306 1844 approbant,
1322 1776 1370 1830 sed
1385 1776 1510 1831 ominibus
1524 1786 1629 1832 remota
1642 1777 1715 1833 omni
1733 1776 1828 1833 conlu-

182 1867 311 1923 arabieae
325 1869 393 1933 aris,
408 1868 551 1939 phoenicis
570 1867 668 1933 ‘diem
684 1869 786 1940 proprii
801 1870 842 1924 sui
859 1870 980 1939 pectoris
1033 1870 1109 1925 sione
1130 1886 1194 1925 suas
1221 1870 1394 1926 delinitioncs
1409 1880 1436 1926 ct
1460 1873 1628 1944 cognitiones
1649 1872 1827 1928 distribuunt.

180 1955 292 2012 llamma
306 1967 495 2028 corisumptae,
512 1958 615 2012 vermis
635 1957 767 2024 nascitur,
792 1966 820 2013 et
834 1959 867 2013 ad
888 1958 977 2029 pristi-
991 1953 1016 2015 b
1030 1963 1070 2018 lic
1085 1964 1119 2030 ¹¹,
1137 1964 1220 2039 ueluti
1235 1964 1296 2035 quis
1310 1965 1498 2037 interrogaret,
1514 1980 1563 2020 cur
1578 1974 1672 2021 sancta
1684 1963 1828 2020 dissimilia

181 2064 247 2105 nam
260 2049 428 2105 viriditatem
444 2049 612 2104 revocatur?
635 2047 760 2139 Christus
786 2051 919 2137 sicquidem
936 2066 981 2106 ar·
1033 2038 1156 2127 symbola¹
1177 2044 1368 2112 ¹¹sanctorum
1394 2055 1579 2112 intellectuum
1606 2071 1622 2110 a
1645 2055 1776 2127 theologis
1799 2059 1829 2110 et

180 2141 249 2196 dore
263 2140 410 2211 passionis,
438 2154 520 2210 quam
547 2148 644 2210 sponte
663 2153 710 2195 sua
732 2140 900 2210 sumsperah
916 2156 981 2196 00¹1·
1032 2151 1185 2219 ligurantur
1194 2157 1223 2203 et
1237 2148 1471 2203 honorificantur?
1483 2147 1684 2204 -rationalius
1695 2147 1717 2180 ¹¹
1727 2148 1828 2223 quippe

181 2240 307 2302 sumtibus
318 2241 372 2296 est,
395 2240 422 2286 el
440 2231 583 2287 descendit
597 2232 631 2285 id
645 2230 747 2287 {biems
771 2230 902 2287 mirabilis
916 2246 980 2286 ver·
1032 2239 1180 2303 rideretur,
1198 2239 1297 2293 similia
1312 2237 1434 2310 symbola
1452 2236 1552 2293 sanetis
1565 2226 1747 2291 intellectibus
1763 2250 1827 2290 eon·

172 2322 244 2377 iliis·
263 2321 316 2377 Sed
332 2337 395 2377 m⁰¹
418 2330 480 2393 billi
506 2321 627 2377 triduum
656 2335 782 2377 reversus
807 2328 859 2387 0⁸1,
884 2321 980 2391 illique
1032 2330 1155 2400 ligurari,
1170 2344 1251 2400 quam
1264 2328 1404 2385 dissimilia
1417 2360 1453 2370 -
1467 2328 1591 2383 redditur
1606 2341 1687 2382 carrea
1705 2323 1826 2381 dissimi·

180 2409 311 2481 apostoli,
330 2411 377 2483 qui
400 2410 509 2466 eumin
526 2425 611 2466 cruce
634 2411 774 2466 ardentem
800 2410 936 2477 viderant,
953 2411 980 2466 in
1032 2422 1099 2476 lium
1112 2421 1351 2493 significationum,
1367 2420 1401 2475 Ει
1419 2421 1444 2495 ξξ
1458 2420 1523 2495 ppo,
1538 2418 1643 2488 inquis,
1652 2417 1730 2488 pund
1745 2429 1826 2486 qnae·

179 2500 321 2571 spirituali
342 2516 456 2574 corpore
478 2512 666 2572 resurgentem
695 2516 872 2572 conspexere,
896 2503 981 2558 virtu·
1032 2512 1082 2576 ris,
1100 2520 1236 2582 repertum
1256 2518 1307 2579 est,
1322 2520 1354 2567 ut
1370 2494 1461 2582 n'e'que'
1477 2508 1567 2564 divina
1590 2507 1740 2564 tractabilia
1760 2507 1827 2574 sint,

183 2603 300 2663 tutumque
311 2593 410 2663 pennis
419 2593 564 2660 uolantem,
575 2594 610 2650 ad
620 2594 784 2665 Patremque
795 2610 873 2650 suum
886 2610 980 2651 ascen-
1031 2586 1197 2671 imc'c's'tss‘n't
1216 2616 1305 2672 neque
1324 2601 1407 2656 divini
1430 2601 1583 2656 intellectus
1597 2601 1683 2671 pervii
1704 2609 1732 2656 et
1751 2606 1828 2670 pate-

185 2685 300 2740 clentem
313 2686 404 2743 mirati
416 2694 486 2742 sunt.
1032 2694 1097 2749 iacti
1113 2694 1211 2749 herent
1225 2695 1385 2757 intruundis.
1399 2694 1508 2765 pollutis
1520 2693 1648 2748 videlicet
1659 2691 1827 2759 hominibus,

223 2778 356 2848 Sequitur
372 2776 540 2834 :Sirenses
562 2780 697 2851 theosophi
716 2791 739 2834 ct
756 2780 858 2835 ocerrlto
873 2782 882 2812 ⁷
899 2780 981 2850 iaspi-
1032 2785 1192 2841 delictorum
1213 2786 1413 2857 impietatisque
1425 2785 1468 2841 vel
1480 2774 1555 2841 certe
1577 2778 1720 2853 superbiae
1737 2783 1826 2838 sordi·

180 2870 288 2922 ratione
318 2868 456 2939 prophetae
496 2870 594 2923 sanctis
634 2871 848 2928 incontaminatis
886 2872 979 2927 distin·
1032 2874 1083 2931 hus
1097 2876 1299 2938 contaminatis,
1319 2853 1651 2944 quibtts'he‘o‘seasibiiia
1672 2871 1827 2927 divinarum
1884 2888 1893 2907 ·

179 2971 266 3032 gaunt
283 2968 554 3028 sanctasanctorum,
573 2970 597 3015 et
612 2963 763 3016 dissimilem
779 2973 896 3018 sanctam
912 2965 979 3035 fiqu·
1033 2979 1124 3020 rerum
1148 2965 1211 3020 licet
1233 2966 1325 3020 videre
1348 2973 1529 3029 sacramenta,
1552 2970 1655 3035 quanto
1670 2963 1757 3033 magis
1772 2971 1828 3018 tra·

183 3055 314 3107 rationem
339 3054 488 3119 honorant,
517 3054 581 3108 ut¹
610 3072 692 3127 neque
720 3056 808 3109 dieina
837 3057 979 3112 immundis
1032 3064 1123 3120 ctare;
1143 3056 1282 3125 quoniam,
1298 3057 1361 3110 dum
1384 3056 1473 3111 ‹lirirra
1492 3065 1664 3111 sacramenta
1679 3057 1701 3087 ¹¹
1715 3055 1825 3126 conspi-

181 3143 335 3198 tractabilia
348 3143 413 3209 sint,
427 3161 509 3212 aeque
522 3144 681 3200 mirabilium
696 3148 857 3216 optumatum
870 3149 979 3203 studiosi
1032 3147 1117 3210 ciunt,
1132 3145 1213 3238 Q
1228 3147 1342 3216 puerilia
1364 3156 1391 3202 et
1415 3145 1528 3202 ludibria
1544 3156 1572 3202 et
1584 3144 1685 3201 nullius
1697 3145 1827 3214 spiritua·

181 3229 399 3300 contemplatores
412 3241 539 3302 tanquam
559 3235 625 3289 ueris
645 3246 796 3290 renraneant
817 3237 919 3307 figuris.
944 3237 978 3291 Et
1031 3238 1064 3294 lis
1083 3239 1106 3269 ¹¹
1122 3239 1273 3294 intellectus
1290 3238 1468 3310 signilirativa
1480 3216 1667 3293 contemnunt.
1678 3236 1717 3309 ht
1728 3245 1827 3291 nomit-

183 3322 276 3377 riirrr'rta
294 3322 470 3392 besonticam
484 3325 552 3379 ueris
570 3326 760 3397 negationibus,
786 3337 810 3381 et
832 3328 866 3381 ud
889 3308 1013 3383 noeis-C
1030 3331 1105 3397 dum,
1119 3331 1190 3400 quud
1211 3330 1369 3396 loculoso,
1386 3346 1439 3400 aquo
1455 3330 1642 3385 transtulimus
1662 3328 1825 3396 tractabilia,

180 3412 251 3469 sista
262 3422 459 3483 compactarum
477 3417 688 3470 resonantiarum
703 3417 812 3471 diuersis
826 3418 977 3473 similitudi·
1030 3423 1056 3477 in
1069 3422 1175 3478 Graeco
1189 3423 1320 3491 scriptum
1345 3432 1386 3478 est
1404 3424 1559 3500 εὐχείρωτοι.
1578 3420 1650 3492 quod
1669 3435 1718 3476 nos
1732 3435 1826 3491 possu-

179 3503 345 3571 mus-Tali
362 3505 453 3573 modo,
474 3505 598 3577 inquit’,
616 3506 764 3579 figurarum
784 3523 879 3564 omnes
900 3510 976 3565 theo·
1029 3528 1090 3568 ntus
1108 3514 1199 3570 dicere
1221 3515 1320 3579 lucilia,
1341 3521 1371 3569 ut
1395 3513 1456 3569 talis
1476 3528 1572 3568 scissus
1593 3513 1653 3569 sit:
1678 3512 1825 3589 Propterea

181 3578 730 3680 leghqa'oTt't'u't's'e'theosophostt,
741 3599 829 3653 diuina
841 3601 978 3669 sapientes
1029 3605 1111 3660 divini
1128 3607 1263 3676 sapientes
1284 3614 1456 3661 sacramenta
1470 3604 1624 3660 divinarum
1640 3588 1825 3660 rernmr'iissi·
1871 3630 1874 3634 ⁴

182 3684 309 3757 appellat,
322 3694 353 3741 et
369 3700 466 3742 omnes
479 3687 627 3757 prophetae
643 3686 749 3744 occulta
770 3688 791 3718 ¹¹
810 3690 896 3743 salicti
915 3689 976 3760 Spi⁴
1029 3694 1103 3749 milia
1115 3695 1182 3765 ipsis
1202 3698 1295 3762 rebus,
1306 3695 1432 3759 obscura,
1446 3697 1531 3751 mixta
1545 3695 1580 3761 ¹⁸,
1593 3712 1626 3751 ex
1639 3695 1826 3752 materialibus

181 3777 253 3835 ritus
265 3776 445 3851 inspiratione
456 3776 564 3834 iornrati
580 3779 749 3849 distinguunt
761 3788 854 3835 sancta
870 3790 978 3836 sancto·
1029 3796 1167 3856 assumpta
1192 3788 1375 3855 conformant,
1398 3804 1432 3845 ne
1462 3788 1554 3843 divina
1578 3788 1707 3860 anysteria
1734 3786 1825 3843 sarcilia

180 3886 244 3929 rura
258 3887 275 3926 a
295 3872 400 3928 unctis
422 3872 643 3928 incorrtaurinatis
655 3873 687 3926 ¹¹.
707 3872 746 3960 hc
756 3873 781 3948 si
799 3882 891 3953 aperte
905 3874 979 3929 dice·
1029 3879 1125 3934 llercnt
1139 3879 1173 3934 ad
1188 3879 1390 3953 intelligendum
1414 3881 1562 3936 immundis
1576 3880 1676 3936 animis
1694 3880 1826 3948 indignis·

180 3970 246 4019 rat:
260 3963 285 4016 h
299 3962 403 4018 unctis
421 3969 450 4018 et
471 3962 690 4019 incontaminatis
703 3962 873 4018 dissimilium
887 3962 978 4034 irnagi·
1029 3981 1081 4037 que
1095 3969 1250 4038 cognitione
1267 3970 1401 4026 veritatis.
1420 3970 1454 4027 Et
1476 3975 1544 4027 haec
1558 3985 1612 4026 una
1629 3969 1653 4002 ¹¹
1665 3985 1746 4026 causa
1768 3971 1824 4028 dis·

172 4051 326 4106 medanum
345 4048 485 4123 symbolis,
501 4066 570 4121 quae
584 4067 638 4106 non
662 4051 800 4107 immerito
813 4053 977 4108 incontami·
1029 4056 1215 4117 similitudinis
1238 4070 1394 4117 sanctarum
1409 4064 1568 4136 imaginum.
1586 4063 1678 4121 llltera
1693 4079 1758 4121 vero
1770 4073 1822 4128 est,

177 4144 396 4211 ‘natadiauntun
409 4145 537 4215 quoniam
560 4144 651 4199 alirino
671 4144 767 4214 spiritu
792 4145 818 4198 iu
842 4144 977 4200 mentibus
1028 4166 1109 4223 qnam
1125 4153 1323 4224 subsequenter
1340 4154 1363 4187 ¹¹
1376 4156 1499 4228 adiungit
1519 4156 1635 4213 dicens:
1657 4153 1750 4226 Neque
1773 4156 1826 4211 mr.

186 4235 373 4307 theologorum
383 4246 412 4293 et
424 4237 616 4308 prophetarum
632 4236 767 4306 descripta
785 4250 858 4301 sinu,
882 4245 976 4292 sancta
1028 4240 1155 4295 rabiiium
1179 4243 1344 4314 agalmatum
1371 4246 1485 4301 studiosi
1514 4245 1742 4315 contemplatores
1764 4253 1825 4300 tau·

181 4339 354 4397 sanctorum,
375 4329 473 4409 {Qu
496 4328 690 4385 intellectuales
710 4329 844 4383 essentiae
866 4328 976 4398 ipsaque
1028 4341 1110 4395 quam
1125 4331 1198 4384 reris
1212 4341 1372 4387 remaneant
1390 4335 1483 4404 bguris
1499 4333 1535 4388 ¹¹.
1548 4335 1590 4388 ad
1606 4335 1657 4388 hoc
1669 4333 1751 4388 etiam
1770 4335 1822 4389 cb·

185 4421 323 4478 Divinitas
335 4422 525 4477 tremuntur
537 4434 585 4490 per
601 4420 740 4491 titeologos
760 4417 887 4475 ineffabili
903 4435 978 4474 sum·
1028 4426 1163 4474 scuraeet
1177 4420 1322 4476 dissimiles
1340 4423 1548 4494 imaginationes
1565 4422 1655 4479 iactae
1675 4424 1823 4493 sunu-boc
1862 4424 1870 4435 “

184 4528 249 4571 mae
263 4510 412 4583 sapientiae
427 4511 672 4578 administratione,
690 4512 728 4566 ita
744 4520 775 4566 ut
790 4521 817 4566 ct
835 4511 877 4564 ilia
901 4526 977 4582 sym·
1028 4519 1080 4585 est,
1095 4524 1184 4580 neque
1197 4510 1220 4541 ¹⁷
1244 4511 1324 4568 irruent
1341 4526 1406 4568 suae
1427 4511 1618 4583 speculationis
1637 4518 1751 4584 ponant,
1774 4514 1823 4586 qui
1860 4492 1869 4509 ⁸

180 4609 246 4665 bola
268 4617 364 4664 sancta
383 4612 412 4663 ct
431 4605 602 4661 inrrnaculata
618 4605 653 4660 ab
667 4604 719 4670 bis,
741 4604 788 4675 qui
812 4604 974 4675 intelligunt,
1028 4602 1149 4660 studiose
1170 4603 1305 4660 mirabilia
1325 4603 1470 4676 agalmata,
1485 4603 1592 4659 divinas
1608 4603 1712 4660 seilicet
1724 4605 1821 4676 imagi·

180 4716 254 4771 quse
264 4715 315 4772 per
328 4714 361 4755 ea
372 4698 571 4773 sigutttcsnmr,
584 4697 783 4754 honorabiliter
799 4705 973 4765 venerentur,
988 4665 1015 4727 D
1029 4694 1153 4750 nationes
1167 4696 1394 4765 contemplantur,
1418 4696 1445 4751 ia
1473 4694 1538 4766 ipsis
1563 4695 1669 4767 liguris,
1694 4703 1822 4769 putantes

180 4804 209 4852 et
226 4802 324 4851 sancta
345 4802 512 4857 sanctorum,
527 4806 642 4861 quorum
658 4790 789 4861 imagines
809 4797 873 4844 sunt
893 4789 925 4855 ¹¹,
941 4789 975 4843 ab
1027 4803 1076 4845 eas
1090 4802 1168 4844 ueras
1180 4803 1241 4845 esse
1260 4799 1289 4844 et
1310 4805 1364 4844 non
1388 4788 1556 4862 liguratiras,
1578 4803 1668 4858 neque
1688 4787 1761 4844 ultra
1774 4803 1820 4844 eas
1843 4816 1848 4823 ·

184 4887 225 4943 ris
248 4886 329 4958 longe
351 4893 529 4957 segregentur
542 4881 716 4939 intellectuali
731 4880 905 4937 discretione.
927 4878 975 4934 bi-
1027 4880 1155 4950 uirtutem
1177 4879 1288 4936 iutiruae
1302 4879 1538 4950 contemplationis
1557 4872 1664 4952 erigere
1687 4880 1819 4936 volentes.

184 4978 248 5032 rina
263 4978 354 5047 itaque
367 4976 489 5050 symbola
509 4983 603 5031 sancta
625 4981 688 5028 stitit
704 4971 738 5037 ¹¹,
756 4987 800 5027 res
814 4986 889 5037 vero,
910 4984 976 5041 qua·
1028 4969 1100 5025 Talis
1120 4969 1254 5047 siquidem
1272 4985 1351 5027 error
1364 4971 1465 5026 multos
1480 4971 1502 5002 ¹¹
1515 4985 1548 5026 ac
1569 4984 1656 5042 paene
1668 4982 1765 5027 omnes
1779 4967 1821 5022 in-

181 5046 389 5143 rumffibola
410 5075 487 5136 sunt,
507 5074 600 5123 sancta
621 5064 643 5095 ¹¹
664 5073 829 5131 sanemrum,
853 5064 907 5119 hoo
920 5068 975 5131 est,
1028 5061 1100 5118 rasit
1114 5070 1143 5119 et
1155 5062 1245 5121 adhuc
1266 5063 1378 5130 invadit,
1401 5062 1599 5131 existimantes,
1619 5061 1758 5119 sensibilia
1779 5072 1822 5115 sa-

824 5239 953 5299 vanitas
970 5238 1173 5299 merlonus

222 5384 409 5446 ‘momlh
459 5378 515 5437 ·tt.
537 5376 791 5449 aornepteartam.
844 5374 1014 5441 ⁸Sicc‚bb
1030 5378 1137 5447 linibus.
1188 5378 1253 5435 ¹ess
1271 5394 1327 5437 om.
1343 5380 1375 5449 b,
1385 5395 1468 5453 supra
1483 5380 1636 5438 adscr.B·.
1689 5375 1823 5450 ‘qum

244 5458 344 5516 s'ssisse.
382 5450 588 5523 ‘ABCienicis
616 5448 784 5504 'Brisoana
822 5446 906 5501 ⁸det.
943 5446 1433 5523 'inquitom.B,admsrg.adscr.B'.
1473 5447 1705 5507 ¹¹oceultaom.B.
1745 5451 1822 5508 ¹¹sto

229 5530 250 5587 b
262 5523 564 5587 antecantamenta,
577 5521 608 5576 Β·
622 5535 704 5592 supra
715 5518 805 5574 adscr.
819 5532 891 5573 corr.
904 5519 1001 5572 sanctis
1011 5527 1036 5572 et
1048 5518 1271 5578 incontaminatis.
1312 5523 1401 5578 ¹'sarrit
1414 5537 1468 5578 unt.
1484 5522 1515 5588 tl,
1527 5522 1561 5577 ad
1576 5535 1661 5590 marg.
1671 5520 1759 5575 adsar.
1772 5521 1822 5577 B'.

181 5598 429 5659 ”boensem
469 5594 491 5626 ¹⁸
511 5591 608 5647 lisam
624 5599 727 5647 sancta.
768 5586 872 5667 atter.
923 5587 1116 5645 ¹‘Procerum
1137 5591 1309 5663 figurationes
1327 5592 1573 5663 Briqnifieatiunes.
1613 5587 1671 5671 ¹⁷¹8
1688 5597 1727 5644 at.
1766 5589 1823 5648 ¹⁸8

180 5666 464 5745 episisdissirtsiiia.
503 5663 524 5696 ¹¹
540 5664 576 5718 Β·
595 5677 677 5732 supra
696 5658 935 5731 scr.irsterpositia.
974 5656 1098 5730 ¹·.Supra
1113 5676 1167 5717 scr.
1184 5661 1232 5731 B‘,
1251 5662 1318 5720 ABG
1337 5662 1388 5717 Ad.
1436 5663 1458 5694 ¹¹
1473 5660 1494 5715 B
1510 5662 1574 5715 dam
1588 5658 1641 5750 aiios
1655 5671 1822 5718 mesonma

178 5765 289 5894 guent.
300 5762 389 5891 afflec-
404 5759 510 5816 ridetur
523 5754 623 5882 libbi}
635 5764 798 5811 sacramenta
813 5753 914 5807 diuina.
951 5751 975 5784 ¹¹
987 5750 1009 5806 B
1021 5753 1217 5812 intellectualis.
1264 5755 1288 5788 ¹⁸
1297 5755 1367 5829 quoti
1382 5770 1429 5810 nos
1443 5769 1582 5827 possumus
1595 5735 1682 5812 dicere
1692 5755 1821 5812 -nters

231 5874 240 5891 .
276 5875 298 5904 .,
360 5846 449 5903 marg.
466 5830 556 5885 salter.
600 5831 619 5881 ¹.
664 5824 687 5857 '⁸
699 5824 729 5879 Β·
743 5839 825 5895 supra
840 5823 930 5878 adscr.
946 5832 985 5879 est
999 5839 1062 5882 utta.
1100 5825 1125 5858 ¹⁸
1147 5825 1373 5899 demere.
1411 5826 1434 5858 ¹⁸
1452 5826 1583 5896 ΝΜ,
1597 5826 1688 5884 mser,
1705 5824 1771 5899 ,μω
1785 5825 1823 5881 ,gg

181 5905 297 5979 assim.
336 5904 361 5938 ¹¹
379 5902 460 5958 Bnec
472 5899 514 5954 rel
527 5915 568 5963 ae,
583 5897 614 5951 Β·
627 5910 698 5953 corr.
714 5911 755 5952 ns.
794 5892 962 5948 ¹¹Bomnes.

238 6176 255 6205 Ι
