3984 6534
326 343 397 401 stra
998 321 1140 383 ioannis
1159 322 1259 380 seort
1903 319 1958 379 tm

703 442 745 498 vt,
1129 432 1358 495 Atranscendere
1381 431 1581 487 ordinationem
1615 438 1647 484 et
1678 429 1854 494 motionem,
1876 430 1898 486 ti
1917 444 1960 490 n

576 533 712 601 sosipatro
730 528 869 584 sacerdoti.
1166 521 1254 591 ipsrrm
1270 523 1375 576 essendi
1391 523 1475 591 ipsam
1494 531 1523 576 ct
1545 523 1621 576 hene
1643 521 1833 586 eminentem,
1845 531 1872 577 et
1885 538 1961 578 causa·

362 628 422 684 Noli
434 626 486 682 boc
499 624 644 679 aestimare
657 619 810 680 victoriam,
826 630 903 673 sacer
918 614 1067 684 Sosipater,
1087 612 1115 667 in
1165 610 1219 666 lem
1241 612 1381 666 habuisset
1401 612 1428 665 in
1451 611 1503 666 hoc
1520 618 1706 675 merentem,
1729 610 1877 667 iaciente·
1888 617 1960 669 onnia

325 717 483 788 religionem
495 710 667 782 autgloriam
680 707 806 777 injuriam
820 706 909 761 lacere
920 703 974 759 noli
986 703 1115 773 optimam
1164 706 1193 754 et
1222 698 1459 754 transformantem
1488 698 1648 754 secuudum
1677 714 1799 754 sacrum
1826 701 1926 756 uerbum
1941 704 1960 755 l.

324 805 509 864 manifestam.
536 800 631 870 Neque
653 800 725 854 enim
750 803 856 868 oportet
880 794 1028 864 judicatam
1054 807 1114 846 eam
1165 787 1405 856 Qtromodojgihtr
1424 803 1476 842 non
1500 787 1567 842 colit
1590 789 1778 858 incognitum
1799 789 1960 853 nobis,eter

324 899 484 967 redarguas,
501 893 559 961 iam
572 889 705 960 sosipatri
718 890 798 944 bona.
812 884 943 941 Possibile
955 885 1029 938 enim
1042 891 1071 936 et
1089 891 1115 935 te
1165 880 1218 935 hoc
1245 888 1272 933 et
1293 893 1357 933 vere
1379 878 1560 940 existentem,
1595 888 1628 932 et
1660 893 1733 932 rere
1768 877 1855 932 Deum
1883 882 1961 936 durus

322 995 351 1041 et
363 985 431 1039 alios
444 982 543 1037 multos
557 979 633 1034 lalsis
652 988 681 1034 et
698 975 848 1032 manifestis
873 988 955 1028 tinum
975 969 1002 1026 ὃν
1019 979 1048 1025 et
1067 983 1114 1024 oo·
1164 983 1226 1026 euru
1253 969 1437 1024 causalissima
1463 978 1491 1023 et
1515 967 1751 1038 superineffabili
1785 970 1897 1033 virtute,
1915 987 1960 1025 tau

323 1076 426 1132 cultum
453 1088 547 1128 rerum
576 1071 671 1127 latere.
701 1068 794 1138 Neque
817 1067 890 1119 euim
919 1064 941 1119 si
969 1062 1033 1130 quiid
1061 1076 1113 1115 non
1164 1059 1205 1114 sol
1223 1059 1257 1113 ab
1281 1059 1339 1128 ipso
1360 1067 1389 1113 et
1411 1057 1474 1112 luna
1497 1056 1658 1114 secundum
1679 1058 1820 1114 virtutem
1839 1069 1960 1116 etstatuu

323 1169 448 1231 rubeum,
465 1164 639 1236 jamalbum,
669 1161 692 1216 si
709 1160 837 1229 quisnon
855 1168 1003 1226 equus,es
1021 1165 1115 1207 neces·
1164 1148 1478 1218 supernaturalissimum
1507 1147 1593 1202 simul
1628 1147 1774 1203 universo
1809 1148 1844 1203 ad
1874 1152 1960 1204 omnim

321 1258 402 1312 sitate
417 1256 510 1311 bomo.
533 1254 579 1309 Sic
592 1262 681 1308 autem
699 1249 792 1312 iacies,
807 1245 872 1302 mibi
886 1244 1011 1307 credens,
1028 1240 1115 1295 dinrit·
1164 1238 1303 1294 immobile
1323 1236 1499 1302 deliniuntur,
1524 1245 1553 1291 et
1573 1238 1607 1291 in
1635 1252 1809 1293 tatensmam
1830 1238 1880 1293 diei
1899 1241 1960 1294 totius

321 1355 363 1400 tes
378 1344 487 1415 quidem
501 1343 553 1398 hoe
567 1340 714 1397 secundum
732 1337 801 1391 alios
820 1335 921 1396 dicere,
939 1332 1114 1402 proteritate
1164 1327 1192 1382 in
1215 1326 1317 1382 eisdem
1337 1335 1412 1380 stant
1431 1325 1523 1379 rrmnia
1537 1325 1631 1396 signis
1642 1336 1655 1364 ί
1666 1329 1679 1380 l
1690 1325 1765 1391 Aut,
1779 1327 1853 1397 quod
1872 1344 1900 1382 co
1916 1345 1959 1383 an

321 1443 412 1489 autem
426 1447 489 1488 rere
506 1433 589 1496 dices,
605 1428 733 1485 sicomni
751 1426 904 1482 modoesse
918 1420 1114 1492 irreprehensi·
1164 1417 1255 1487 plius,
1287 1416 1421 1499 siquidem
1451 1416 1579 1472 omnihus
1605 1426 1638 1472 et
1664 1417 1839 1474 melioribus
1860 1429 1885 1473 et
1908 1435 1957 1475 cau

320 1527 384 1584 bilia
404 1541 475 1597 quae
492 1527 564 1582 dicta
582 1532 655 1578 sunt.
1165 1507 1313 1563 tinentibns
1327 1509 1336 1538 ¹
1349 1507 1390 1561 sic
1409 1507 1512 1562 enecas
1534 1522 1591 1562 uon
1615 1508 1824 1564 circumducta
1843 1519 1957 1580 sentosa

693 1610 749 1666 vlt.
1163 1598 1356 1656 eontinentur?
1377 1598 1412 1652 Et
1442 1613 1504 1653 eum
1535 1598 1593 1654 aha
1623 1601 1775 1668 quaedam
1803 1602 1861 1658 dies
1884 1617 1955 1659 were

503 1706 651 1773 Poipcnrmr
667 1715 769 1756 rumare
787 1698 927 1754 secerdoti.
1163 1691 1228 1746 dum
1246 1689 1451 1745 continuitatem
1475 1687 1532 1745 iere
1555 1689 1748 1759 triplicatur,
1778 1701 1810 1747 et
1839 1693 1866 1747 iu
1888 1693 1956 1762 rigiati

355 1795 414 1866 ligo
426 1797 536 1868 quidem
550 1796 641 1849 nescio
656 1793 690 1847 ad
704 1792 823 1848 Graecos
837 1800 886 1845 aut
898 1789 997 1843 alteros
1008 1788 1111 1852 dicens,
1127 1769 1291 1838 Bomrnbus
1314 1781 1390 1836 boris
1413 1781 1464 1847 ht,
1490 1783 1564 1850 quod
1586 1796 1651 1836 uon
1672 1784 1761 1838 omni
1786 1792 1902 1852 tenpore
1918 1786 1956 1836 rias

320 1884 444 1946 sulficere
465 1887 600 1941 arbitrans
622 1883 733 1952 optimis
751 1882 832 1946 uiris,
852 1881 983 1936 sinerum
1003 1878 1113 1947 abipso
1164 1872 1317 1928 contrarias
1337 1871 1408 1927 redit
1428 1881 1457 1927 ct
1476 1873 1717 1930 reuertitur-:sic
1752 1874 1835 1930 valde
1856 1890 1954 1949 supera

325 1979 353 2034 in
369 1978 458 2048 seipso
470 1976 607 2047 potuerint
620 1984 648 2030 et
661 1986 825 2045 cognoscere
837 1980 865 2027 ct
877 1971 976 2033 dicere,
991 1984 1025 2023 an
1049 1981 1112 2022 rere
1164 1967 1297 2024 toralibus
1317 1966 1471 2021 econtrario
1491 1966 1799 2022 circumductionibus
1822 1968 1861 2022 sol
1874 1968 1954 2036 propr'o

321 2065 480 2123 babet.i{oc
530 2065 766 2134 im,quodcunque
776 2061 902 2131 cstjunta
914 2061 1001 2130 legem
1014 2061 1113 2114 uerita·
1164 2072 1245 2112 cursu
1259 2057 1494 2126 quinqueformem
1514 2070 1598 2109 strum
1621 2065 1739 2110 motum
1756 2057 1785 2110 iu
1802 2058 1954 2112 bociam

318 2157 364 2222 tis,
383 2081 843 2222 memte,
864 2166 944 2207 omne
966 2151 1045 2205 aliter
1064 2150 1113 2204 ba·
1164 2148 1362 2213 corrrolrens¹,
1375 2147 1509 2217 analytice
1520 2146 1628 2200 iterum
1643 2156 1741 2202 totum
1757 2148 1787 2202 iu
1799 2146 1954 2203 alliserat-¹

317 2244 398 2311 bens,
412 2252 440 2300 et
451 2243 593 2300 veritatem
603 2242 745 2307 affectans,
758 2241 944 2311 redarguetur,
954 2250 984 2294 et
997 2241 1112 2295 alterum
1165 2253 1261 2308 noram
1285 2239 1422 2307 ornandam
1452 2236 1619 2293 semitarum
1655 2239 1739 2292 riam
1775 2240 1954 2308 retrograditur.

319 2331 347 2391 ὃν
367 2348 432 2390 rere
445 2334 528 2399 ontis,
542 2340 570 2388 et
590 2331 733 2394 dissimile,
747 2339 775 2385 et
793 2329 929 2401 opinabile
947 2328 1011 2383 illud
1026 2328 1112 2399 magis
1158 2327 1272 2417 Q
1290 2327 1453 2400 babylonios
1475 2328 1573 2384 merito
1595 2325 1736 2394 inflexit,
1764 2336 1795 2382 et
1814 2329 1870 2384 siae
1890 2343 1955 2398 pigra

316 2441 398 2496 garam
421 2422 458 2481 ὅν.
485 2421 757 2502 SrrperhuumJgimg
774 2431 832 2487 cst,
854 2421 979 2476 veritatis
997 2421 1112 2475 manile·
1164 2419 1297 2475 Ezechiae
1316 2420 1434 2490 subegit,
1453 2427 1585 2488 unquam
1609 2419 1640 2473 in
1663 2419 1790 2489 aequali
1808 2419 1954 2475 beuta·

316 2522 448 2569 statorem
460 2511 495 2566 ad
509 2511 559 2567 bos
571 2519 617 2565 aut
632 2510 692 2565 illos
706 2509 845 2565 dimicare.
859 2509 930 2564 Dicit
941 2510 1013 2563 euim
1027 2524 1112 2566 utnus-
1163 2519 1191 2565 et
1203 2509 1340 2580 superanti
1355 2509 1487 2566 homines.
1511 2508 1655 2590 'tneque
1674 2509 1727 2564 hic
1743 2511 1811 2566 dico
1825 2512 1851 2565 in
1862 2512 1954 2580 Aegypta

317 2603 433 2675 quisque
458 2603 558 2658 babere
580 2600 714 2656 numisma
739 2600 845 2671 regale,
863 2608 891 2655 et
913 2601 1007 2670 utiqtre
1029 2599 1112 2655 hebet
1164 2617 1197 2657 m·
1209 2618 1276 2673 gnas
1287 2602 1470 2670 operationes,
1482 2608 1529 2654 aut
1541 2599 1597 2654 alia
1611 2602 1767 2685 Qm
1779 2603 1877 2658 alicubi
1888 2602 1953 2681 d-irssn

317 2694 454 2767 ornandam
466 2693 525 2765 puri
537 2691 686 2761 eujusdam,
700 2690 831 2760 ejusvere
842 2689 964 2746 fallacem
976 2689 1110 2749 umbram.
1163 2695 1239 2765 signa
1261 2692 1341 2758 lacta,
1364 2694 1411 2748 sed
1430 2692 1587 2749 eommunia
1612 2701 1644 2747 et
1664 2696 1827 2762 caelestia,
1842 2705 1868 2749 et
1880 2692 1952 2748 inre

316 2785 387 2842 Etsi
403 2785 644 2856 huneredar'guas,
656 2783 725 2839 alter
736 2794 764 2839 et
779 2783 877 2839 iterum
888 2782 1001 2841 alterde
1015 2783 1110 2838 eodem
1162 2765 1242 2840 rer'so
1268 2793 1296 2839 et
1324 2784 1352 2837 in
1371 2783 1498 2840 omnibus
1524 2783 1740 2853 triumphantia
1764 2784 1792 2839 ⁴¹.
1824 2785 1869 2840 stt
1888 2793 1953 2839 ιιιιι

317 2877 468 2934 contendit.
492 2877 593 2961 hodera
612 2876 887 2961 tultmhdfflin
906 2884 980 2930 recte
996 2874 1108 2938 ratione,
1162 2877 1274 2932 omrrino
1293 2873 1495 2946 Apollophanes
1515 2889 1571 2930 uon
1592 2889 1662 2931 esse
1687 2877 1766 2932 haec
1790 2890 1865 2932 vera.
1892 2873 1954 2946 Ιιρ

316 2975 345 3022 et
359 2967 395 3023 ab
412 2966 473 3022 aliis
486 2967 612 3022 omnibus
626 2966 725 3021 selecto
742 2966 856 3031 ridente,
870 2979 952 3020 omne
970 2965 1040 3035 quod
1055 2979 1109 3019 non
1162 2969 1271 3038 quidem
1294 2969 1345 3023 hoe
1366 2967 1510 3022 Persarum
1532 2967 1769 3025 sacerdotalibus
1792 2969 1903 3026 iulertrr
1915 2981 1953 3022 ιι·

319 3057 359 3113 sic
371 3071 421 3127 per
432 3058 523 3112 omnia
537 3057 652 3123 babens,
664 3057 781 3127 idipsum
792 3072 826 3112 ex
839 3057 930 3126 seipso
943 3056 1111 3126 irreprehen·
1163 3059 1268 3126 moriis,
1280 3067 1308 3114 et
1320 3058 1407 3114 adhuc
1427 3056 1496 3128 llagi
1516 3059 1710 3114 intemeranda
1738 3061 1859 3131 triplasii
1877 3056 1954 3130 apli

1123 3106 1147 3169 C

320 3151 392 3206 sibili
407 3159 478 3205 statu
502 3166 565 3206 rere
578 3166 644 3207 rcro
657 3150 810 3222 expellitur.
833 3149 891 3205 lloc
907 3149 1000 3220 igitur,
1015 3158 1046 3203 ut
1066 3164 1111 3203 ar·
1162 3149 1317 3222 perficiunt.
1342 3147 1396 3206 Sed
1428 3148 1531 3203 licitum
1556 3148 1594 3203 sit
1618 3149 1676 3219 ipsi
1701 3152 1753 3207 his
1775 3163 1885 3224 propter
1901 3152 1953 3222 ig*

316 3238 416 3303 bitror,
429 3239 496 3294 bene
510 3255 686 3310 cognoscens,
701 3257 754 3296 non
770 3226 970 3297 acceleraffid
991 3239 1111 3296 Graecos
1161 3241 1276 3297 santiam
1289 3249 1336 3296 aut
1349 3253 1474 3310 magnam
1487 3239 1737 3296 incredulitatem.
1750 3242 1952 3325 Qui:

318 3337 364 3383 aut
386 3328 486 3384 alteros
507 3329 599 3384 dicere
616 3348 623 3382 ι
644 3331 691 3384 scd
707 3329 831 3384 idoneum
848 3330 912 3385 milri
926 3339 952 3385 et
973 3330 1025 3384 boc
1039 3329 1110 3384 Deus
1161 3329 1230 3398 Quid
1243 3330 1311 3386 dicis
1327 3329 1362 3385 de
1380 3329 1438 3400 ipsa
1455 3328 1482 3384 in
1500 3327 1617 3383 salutari
1640 3345 1733 3387 cruce
1750 3333 1829 3388 lacta
1840 3328 1952 3404 seipsi·

318 3421 381 3483 det,
403 3420 437 3475 de
458 3421 571 3475 veritate
585 3421 655 3476 scire
670 3420 803 3492 primum,
818 3422 914 3477 deinde
929 3423 1060 3476 scientem
1080 3430 1111 3476 ut
1160 3410 1359 3493 Nit‘ri‘utrique
1379 3430 1444 3476 tunc
1461 3418 1540 3488 juxta
1561 3419 1634 3476 solis
1656 3422 1812 3480 civitatem
1831 3423 1905 3481 simui
1918 3421 1952 3477 ad

318 3518 427 3579 oportet
450 3509 550 3564 dicere.
569 3509 618 3564 Ubi
641 3520 731 3564 autem
752 3511 851 3580 inquis,
868 3511 1028 3567 maledicere
1043 3512 1108 3567 mibi
1160 3517 1337 3570 venienteset
1348 3511 1534 3577 consistentes,
1545 3510 1726 3568 mirabiliter
1739 3516 1796 3571 soli
1809 3513 1952 3572 lunanhe

318 3601 467 3673 sophistam
482 3599 712 3671 hpoiloplranem,
733 3610 762 3656 et
782 3610 922 3670 paternam
947 3604 1109 3657 sententiani
1161 3599 1952 3690 dentemvidimus-nonerrimemteoimstemms-Qe

318 3694 489 3765 retrocando,
517 3701 642 3761 tanquam
666 3691 833 3749 Graecorum
859 3692 884 3746 in
910 3692 1027 3749 Graecos
1056 3711 1109 3750 non
1162 3691 1951 3768 rumautemipsamanonatromusquerespeustneir

1162 3756 1325 3780 Μ-

319 3793 415 3841 sancte
433 3782 528 3838 utenti.
543 3782 577 3836 Et
594 3783 701 3851 nitidem
724 3784 758 3838 ad
775 3783 861 3852 ipsum
877 3799 926 3837 nos
946 3792 1006 3839 erat
1020 3787 1111 3842 verius
1160 3779 1760 3849 diametrumsupernaturaliterecontrario
1771 3788 1949 3843 consistentes

317 3876 419 3937 dicere,
432 3851 789 3943 qtromodo'ffffae'cidirinis
801 3889 854 3928 nou
868 3881 961 3929 sancte
980 3875 1005 3929 iu
1019 3875 1108 3930 ‹livina
1159 3869 1282 3925 hdtnone
1290 3879 1380 3924 autem
1388 3869 1516 3939 quiddam
1526 3879 1555 3923 et
1565 3870 1691 3926 alterum
1706 3875 1815 3943 ipsum.
1828 3876 1949 3938 Sciten'm

317 3972 439 4029 utuntur,
456 3979 504 4034 per
521 3963 681 4032 sapientiam
697 3963 744 4018 Dei
764 3963 885 4018 divinum
899 3964 1034 4033 expellere
1053 3974 1111 4020 ten·
1160 3961 1224 4030 quia
1251 3972 1279 4017 et
1293 3976 1421 4017 occasum
1448 3961 1535 4032 ipsum
1546 3976 1579 4016 et
1593 3961 1802 4025 Orientalibus
1819 3970 1950 4025 ridebam

319 4063 407 4111 tarrtes
421 4052 532 4108 cultum.
546 4053 580 4107 Et
596 4053 635 4108 sic
656 4051 768 4107 multam
790 4068 840 4123 ego
853 4054 962 4123 quidem
977 4053 1038 4108 dieo
1050 4053 1109 4126 glo·
1160 4054 1344 4119 inchoantem,
1357 4062 1385 4107 et
1404 4066 1489 4121 usque
1507 4051 1627 4106 solarem
1646 4059 1850 4115 summitatem
1863 4058 1949 4116 reeb

319 4145 389 4200 riam
411 4143 571 4214 quibusdam
600 4151 756 4211 poetarum,
780 4142 957 4199 materialiter
974 4153 1002 4199 et
1024 4145 1110 4216 passi-
1160 4151 1234 4208 tem,
1258 4143 1356 4199 deinde
1379 4140 1649 4212 retrogradientem,
1676 4153 1709 4199 et
1736 4146 1840 4203 itemm
1863 4163 1910 4204 m
1925 4159 1948 4200 es

317 4233 409 4291 biliter
425 4232 632 4297 remanentium,
648 4241 675 4287 et
690 4240 831 4287 creaturae
844 4243 938 4288 eontra
953 4234 1110 4292 Creatorem
1160 4233 1255 4289 eadem
1278 4242 1306 4288 et
1325 4247 1452 4288 oceasum
1474 4241 1503 4287 et
1522 4234 1774 4304 repurgationem,
1797 4241 1846 4296 sed
1874 4252 1948 4294 m

317 4326 503 4385 seruientium.
518 4322 571 4380 Sed
583 4333 611 4379 et
621 4323 679 4393 ipse
689 4323 887 4393 Apollophanes
899 4339 951 4380 non
964 4335 1058 4381 sancte
1069 4326 1111 4381 di·
1161 4323 1225 4380 dom
1240 4323 1403 4381 diametrum
1418 4321 1572 4378 econtrario
1584 4320 1708 4380 laetam.
1734 4326 1818 4384 Talia
1832 4337 1891 4385 mr
1902 4336 1948 4382 tur

319 4418 388 4474 riuis
402 4417 430 4471 in
442 4415 533 4471 divina
549 4413 643 4468 utitur.
661 4413 697 4468 Ea
709 4413 781 4468 enim
796 4413 968 4469 existentium
983 4415 1108 4480 scientia,
1124 4452 1148 4512 D
1162 4415 1292 4486 temporis
1314 4411 1546 4482 supernaturalia,
1568 4419 1597 4465 et
1620 4413 1684 4469 solo
1707 4414 1828 4475 christo
1843 4416 1945 4475 nub

318 4505 465 4564 benedicta
477 4506 510 4560 ab
521 4505 605 4574 ipsius
615 4504 794 4574 philosophia,
807 4503 1056 4560 etadiriuol’aulo
1065 4521 1111 4562 sa·
1160 4504 1228 4560 sima
1250 4505 1351 4558 virtute
1372 4502 1489 4557 iaciente
1516 4513 1616 4572 magua
1645 4512 1676 4558 et
1708 4510 1830 4579 ampla,
1853 4522 1943 4580 qm

317 4596 422 4670 pientia
440 4595 633 4659 minoratur,
652 4602 680 4649 et
701 4595 736 4648 ad
756 4594 892 4649 causalem
910 4596 1029 4664 ipsorum
1051 4597 1111 4652 eri·
1159 4603 1274 4653 nonest
1298 4591 1463 4650 numerus‘.
1498 4591 1571 4647 ilaec
1602 4593 1628 4647 si
1666 4595 1722 4652 tibi
1742 4597 1851 4667 iustum
1870 4600 1943 4655 dicet

319 4686 449 4743 stentium
470 4693 497 4740 et
520 4684 647 4741 scientiae
666 4698 770 4751 eorum,
785 4685 906 4754 oportuit
926 4685 1017 4741 reduci
1031 4701 1111 4742 veros
1158 4686 1306 4759 possibile,
1321 4684 1498 4756 apollophani
1524 4682 1675 4756 redargue,
1700 4698 1736 4744 οι
1759 4693 1830 4749 mppr
1849 4698 1940 4748 mg

317 4777 502 4846 philosophos.
523 4777 558 4831 Et
575 4786 603 4831 nt
623 4791 675 4829 non
692 4776 775 4845 ipsam
798 4776 928 4842 aliorum,
953 4788 998 4831 aut
1022 4778 1106 4847 ipsam
1159 4775 1365 4832 convenientem
1386 4773 1435 4829 tibi
1457 4782 1485 4828 et
1507 4777 1783 4848 conspeculantem,
1810 4792 1839 4839 et
1854 4781 1938 4850 eropi

321 4867 406 4936 ipsius
419 4865 488 4920 ultra
505 4866 576 4934 quod
593 4867 738 4934 putandum
759 4865 901 4936 redarguat
925 4867 989 4936 quid
1004 4867 1109 4937 opinio-
1159 4874 1263 4923 rentem
1282 4866 1386 4932 omnia,
1404 4873 1433 4920 et
1452 4863 1652 4944 conferentem.
1676 4869 1806 4945 Negligir
1824 4875 1937 4931 amm

322 4970 402 5019 netu,
425 4963 530 5022 oportet
551 4954 722 5009 considerare
743 4956 974 5025 apollophanem,
1000 4959 1109 5027 sapiens
1159 4959 1241 5015 tioms
1261 4967 1337 5024 tune,
1359 4957 1461 5012 nescio.
1474 4954 1539 5011 lude
1555 4956 1774 5031 Apollophanes
1794 4968 1871 5032 misr,
1883 4962 1935 5019 ast

320 5047 368 5119 qui
393 5052 456 5112 est,
482 5061 535 5100 non
562 5043 641 5098 aliter
662 5045 806 5114 aliquando
829 5047 948 5115 putuisse
965 5049 1108 5107 caelestem
1160 5065 1214 5117 me,
1237 5050 1308 5107 sieut
1325 5047 1396 5104 lacta
1416 5057 1490 5114 sunt,
1509 5045 1660 5106 conterens
1682 5052 1747 5108 ait:
1770 5056 1933 5123 lisseohrrr

960 5177 1088 5239 tantali
1106 5180 1307 5242 theutones.

358 5291 369 5327 ¹
383 5301 407 5349 et
420 5291 608 5349 conitientibus
620 5305 675 5346 om.
688 5287 744 5343 BH.
782 5290 792 5320 ¹
812 5287 889 5344 stell
903 5306 910 5356 ;
926 5287 1100 5352 Eiauobens.
1138 5296 1310 5354 ⁸cortuoluem
1325 5325 1359 5336 -
1372 5295 1460 5349 decem
1472 5308 1526 5349 om.
1540 5293 1598 5350 bh.

1078 5405 1206 5463 NOTAE.

357 5503 372 5535 ¹
391 5493 400 5549 l
419 5497 480 5550 tlon.
501 5495 531 5550 ll.
1162 5497 1247 5553 uxot.
1260 5497 1316 5565 vtt,
1328 5497 1395 5561 titt,
1410 5499 1457 5563 ΙΧ,
1471 5497 1506 5563 x,
1520 5498 1567 5564 xl,
1583 5499 1645 5557 xtl.

359 5563 373 5602 i
393 5566 460 5618 Dan.
482 5566 511 5617 ΙΙ.
1199 5567 1320 5622 etiarm.
1336 5567 1445 5635 XXVH,
1462 5568 1546 5625 blare.
1561 5569 1621 5638 xt;
1641 5571 1711 5632 Luc.
1725 5574 1818 5634 mil.

359 5641 370 5669 ⁰
387 5631 467 5687 iusue
481 5633 514 5687 lt.
1200 5638 1209 5676 ¹
1226 5635 1276 5693 tob
1291 5638 1333 5709 Ἠ

358 5699 371 5738 i
387 5700 418 5753 tv
435 5701 499 5770 lleg.
515 5700 584 5766 XX3
609 5701 631 5756 tl
644 5702 705 5756 Par.
720 5701 848 5776 ,xxxtm
876 5702 936 5758 lsai.
952 5702 1104 5772 xllxl'llt3
