3984 6534
130 343 183 399 lib
838 347 978 405 lOANMS
997 347 1094 406 sculi
1223 58 1481 411 Χ
1663 368 1699 422 tlt

132 453 271 509 mortiiero
290 454 414 525 doanate
427 473 442 512 a
456 458 581 513 cordibus
597 457 696 514 nostris
718 460 847 516 radicitus
868 477 914 515 eu·
927 466 950 524 A
965 473 997 517 ea
1024 476 1111 524 sero,
1135 472 1204 530 quas
1226 473 1279 513 nou
1297 463 1371 522 sunt,
1394 422 1565 575 υιιέζὴ
1575 484 1698 573 ΜΝ,

133 540 207 612 ploro
219 544 373 612 credamus,
395 562 475 601 unam
491 556 629 602 aeternam
645 550 915 618 praedestinationem
967 553 1080 623 Explicit
1092 553 1112 606 ⁸..

133 631 181 687 Del
193 631 299 689 Domini
312 648 382 699 esse,
396 644 424 689 et
437 651 490 691 non
505 637 557 692 nisi
572 638 598 692 in
621 638 675 702 bis,
696 654 767 709 quae
784 649 856 704 sont,
881 639 915 696 nd

439 727 543 755 f„
703 720 725 740 a

763 768 887 826 inumb:
904 768 1104 828 LECTIONES.

167 876 175 906 ¹
195 876 307 945 Explicit
323 839 478 934 recensaiia
490 895 586 936 manus
598 881 732 936 addidisse
744 881 858 935 ridetur.
971 918 972 922 ,

588 1200 984 1316 soannrs
1022 1194 1276 1313 soors

675 1439 770 1489 beel
800 1440 949 1489 ΦΥΣΕΩΣ
979 1437 1196 1489 ΜΕΡΙΣΜΟΥ

882 1603 916 1646 Ιῦ
937 1603 993 1647 EST

226 1789 369 1924 DE
467 1781 1039 1930 blvlslottlo
1140 1776 1645 1918 NATURAE
1704 1790 1713 1803 ”

735 2055 873 2134 LIBRI
900 2052 1136 2146 QUINQUE

815 2244 1056 2267 —s--n-*h

404 2347 483 2398 iiditlo
504 2350 578 2397 rrince
589 2361 609 2395 m
611 2375 1418 2399 ................................
1433 2342 1454 2392 Α

401 2408 458 2455 sad.
469 2363 514 2455 mg.
528 2364 671 2456 l’arriteans
679 2408 706 2457 S.
716 2409 828 2456 tiermanl
841 2410 864 2456 ia
879 2407 987 2456 editione
1000 2407 1109 2468 principe
1119 2404 1240 2455 adbibitus
1257 2437 1419 2457 .......
1433 2403 1465 2452 B'

401 2469 458 2518 orat.
470 2481 516 2515 aas.
528 2468 554 2517 S.
565 2468 679 2514 tiermaai
690 2468 735 2515 ³09
746 2468 804 2514 bibl.
818 2466 880 2528 iieq.
893 2466 959 2514 l’arls
971 2502 978 2526 ‚
989 2467 1121 2515 membran.
1146 2479 1197 2513 aee.
1211 2464 1241 2514 xl
1260 2500 1267 2514 .
1284 2500 1292 2514 .
1309 2499 1318 2516 .
1337 2501 1345 2515 .
1412 2499 1419 2514 .
1433 2463 1452 2513 C

400 2527 458 2574 t'od.
471 2540 515 2574 rsus.
529 2527 570 2575 ist.
583 2527 642 2578 libi
651 2528 709 2577 bibl.
722 2526 782 2586 liess.
796 2527 863 2575 l‘aris
874 2564 881 2581 .
892 2528 1037 2580 membran..
1049 2538 1100 2574 sec.
1113 2501 1156 2573 ili
1168 2524 1286 2587 (mutilus)
1288 2559 1420 2576 ......
1434 2523 1456 2572 Ι)
1485 2556 1503 2570 .

403 2587 461 2636 Cud.
474 2599 518 2637 ms.
530 2586 555 2638 S.
569 2587 681 2636 Gerusiani
691 2587 737 2634 2⁸0
749 2586 806 2635 bibl.
821 2587 847 2633 lia
856 2599 882 2649 q.
895 2585 981 2646 Paris,
991 2586 1135 2645 membran..
1146 2597 1197 2635 see.
1209 2585 1375 2649 ilillmutllus)
1389 2621 1396 2636 .
1413 2584 1452 2635 ‚il

402 2649 458 2697 lod.
472 2659 517 2697 rus.
527 2646 554 2697 S.
567 2646 680 2698 Germani
691 2648 737 2699 bill
749 2646 879 2705 bibulieu.
890 2647 1127 2708 Paris.,membrua.,
1136 2658 1186 2695 soe.
1195 2644 1224 2696 iil
1237 2647 1292 2709 (lib.
1302 2645 1333 2698 lv
1344 2656 1373 2700 et
1383 2644 1424 2702 ill.
1437 2642 1456 2694 il

819 2796 1051 2814 unt-Q

606 2914 851 2996 MONITUii
883 2916 948 2993 ab
977 2912 1258 2992 LECTOREM.

164 3193 277 3250 loannis
288 3192 361 3250 Seoti
379 3194 578 3249 sdedirisione
589 3193 707 3249 Naturae
721 3211 732 3245 s
748 3192 808 3247 iibri
820 3193 887 3247 satis
898 3191 979 3261 ampli
995 3191 1104 3246 omnino
1123 3188 1257 3259 duplicem
1279 3186 1394 3258 speciem
1417 3200 1484 3258 prae
1499 3202 1531 3245 se
1547 3184 1643 3245 lerunt.
1657 3180 1712 3241 {ult

125 3283 200 3339 enim
213 3283 293 3338 lirlem
308 3281 445 3338 Ecclesiae
457 3297 511 3336 non
529 3282 657 3351 migrant,
670 3289 699 3336 et
713 3299 723 3333 a
736 3289 891 3336 sanctorum
914 3281 1024 3335 Parrum
1050 3278 1202 3334 intellectas
1223 3277 1266 3348 pie
1287 3292 1319 3332 uc
1342 3276 1536 3333 venerabiliter
1561 3272 1729 3348 meriplenus

124 3386 187 3429 esse
203 3392 213 3424 s
229 3386 278 3426 nas
289 3370 412 3435 edocent,
425 3371 503 3427 aaodo
516 3370 715 3440 philosophicas
728 3370 848 3425 referunt
862 3369 981 3424 theorias
995 3385 1010 3424 a
1026 3370 1139 3425 veritate
1151 3369 1295 3438 plurimam
1310 3368 1477 3425 moedentes.
1490 3367 1570 3427 Unde
1581 3369 1621 3431 or.
1630 3362 1731 3433 aton-¹

124 3461 168 3517 bis
183 3461 293 3517 theoriis
308 3461 412 3529 primae
425 3470 515 3530 partes
530 3460 691 3527 tribuantur,
705 3461 814 3529 pessimi
830 3473 1024 3531 saepenumero
1041 3469 1186 3515 nascantur
1197 3464 1315 3515 errores.
1329 3460 1403 3527 Quos
1426 3472 1564 3517 excusare
1586 3461 1653 3525 tou.
1663 3434 1735 3535 d*

125 3548 245 3604 loannes
258 3547 355 3603 Seotas
365 3547 426 3603 aliis
440 3547 507 3604 loeis
520 3547 654 3604 saniorem
667 3548 816 3604 doctrinam
831 3548 952 3619 protulit,
974 3547 1016 3604 rel
1034 3549 1168 3604 interdum
1192 3548 1278 3619 ipsam
1298 3550 1441 3606 ueritatem
1464 3549 1607 3622 lnqerdose
1621 3564 1654 3607 ae
1663 3556 1736 3621 μ’·

126 3639 198 3695 clare
211 3637 345 3709 exposuit,
362 3638 500 3694 nonlicet.
1499 3704 1505 3713 ι
1652 3626 1656 3633 ’
1750 3698 1752 3721 ÷

162 3730 235 3787 llaec
247 3732 415 3802 igiturquunr
428 3732 533 3788 illorum
541 3731 670 3789 librorum
681 3733 784 3790 indoles
794 3735 876 3799 sinat
889 3735 915 3789 in
930 3735 963 3791 iis
975 3737 1075 3791 veritas
1086 3751 1146 3791 eum
1159 3734 1307 3797 erroribus,
1315 3745 1383 3802 quos
1393 3736 1513 3789 soannes
1523 3730 1720 3806 smmsptb
1750 3724 1752 3765 ³

125 3823 275 3891 sopiriasua
287 3823 391 3893 petivit,
403 3823 548 3879 artificiose
561 3823 718 3887 misceatur,
724 3824 788 3894 qaid
801 3825 909 3890 mirum,
918 3827 988 3894 quod
1001 3823 1280 3879 Ecclesiaeantistites
1289 3821 1342 3876 tale
1352 3834 1431 3891 opus,
1450 3822 1510 3887 abi.
1523 3836 1644 3893 consum
1653 3821 1723 3893 ιφ·
1746 3808 1752 3821 '

125 3922 210 3979 etnm,
228 3930 244 3968 a
259 3916 338 3970 medii
353 3918 411 3969 acri
423 3914 593 3971 baereticlse
607 3916 776 3972 bibliothecis
798 3915 918 3985 protrahi
944 3925 973 3993 et
991 3932 1039 3986 pro
1061 3913 1135 3986 apice
1155 3912 1285 3970 scientiae
1301 3926 1333 3966 ac
1350 3909 1475 3966 veritatis
1493 3913 1631 3969 vendituri
1647 3911 1724 3982 used.

126 4012 298 4070 respueram,
310 4003 483 4066 damnarunt,
499 4012 580 4073 atque
594 4000 729 4059 Honorius
746 4003 817 4073 Papa
833 4003 867 4059 ill
881 4005 907 4059 id
922 4004 975 4074 igni
990 4003 1196 4073 adjudicandam
1207 4015 1268 4056 esse
1279 3999 1402 4056 censuit!
1411 3997 1607 4069 Crrjaasbuilum
1617 4000 1725 4071 intuetu

125 4098 155 4143 ut
170 4089 197 4142 in
213 4089 330 4144 mediam
341 4089 496 4155 afferamus,
512 4107 557 4146 res
570 4092 708 4161 postulare
722 4092 839 4147 ridetur.
858 4092 906 4147 Est
918 4093 991 4147 enim
1006 4093 1065 4147 talis
1082 4109 1089 4145 ι

130 4196 133 4201 ·
160 4176 298 4233 Honorius
307 4180 451 4249 episcopus,
464 4196 553 4235 seruus
564 4197 697 4236 seruorum
712 4181 772 4246 Dei,
782 4182 981 4252 arclrieplscopr's
994 4192 1018 4236 ct
1029 4182 1155 4252 episcopus
1175 4189 1224 4234 etc.
1681 4146 1702 4211 Ι

162 4270 287 4325 lu'micus
298 4270 375 4326 bonta
389 4271 492 4325 eisarna
506 4273 572 4328 barro
585 4274 677 4327 reatini
686 4275 815 4330 seminare
829 4291 882 4330 aon
897 4285 980 4329 cenat
1005 4285 1054 4328 etc.
1071 4272 1163 4343 Nuper
1171 4271 1309 4343 siquidem,
1325 4272 1392 4325 sicut
1407 4271 1482 4327 nolis
1497 4274 1727 4345 siqnificssltufl·
1747 4270 1752 4279 ’

122 4358 213 4413 rabilis
231 4357 314 4428 irater
326 4370 413 4415 noster
422 4358 580 4416 Purisicnsis
593 4363 737 4432 episcopus,
748 4373 785 4418 est
799 4363 905 4434 quidam
918 4363 992 4427 liber,
1001 4361 1151 4433 Periplsqsis
1170 4361 1301 4427 titulatus,
1312 4361 1439 4424 inuentus,
1453 4370 1490 4415 tet
1504 4362 1727 4421 mulsum&

123 4449 270 4502 baereticae
282 4449 428 4519 prauitatis,
441 4449 536 4503 urrdcu
551 4449 691 4505 venerabili
708 4450 790 4519 fratre
815 4462 903 4507 rrastro
923 4451 1117 4520 archiepiscopo
1133 4449 1276 4505 Serromnsi
1286 4461 1310 4503 ct
1324 4451 1498 4520 srrffraqasseis
1512 4454 1585 4523 eius,
1597 4454 1627 4511 is
1641 4450 1727 4524 preb

121 4537 183 4592 ciali
200 4531 310 4593 coneilio
322 4540 493 4610 corrqreqatia,
502 4540 576 4608 justo
589 4549 626 4594 cst
640 4539 798 4610 lleijudlcio
809 4540 970 4611 reprobatus.
994 4539 1061 4606 Quia
1082 4541 1163 4610 iqitur
1186 4541 1266 4606 liber,
1287 4541 1353 4596 sicut
1376 4543 1534 4612 recepimus,
1555 4546 1585 4601 iss
1615 4540 1726 4601 Μ

123 4630 286 4683 nronasteriis
296 4640 320 4683 et
331 4629 390 4684 aliis
405 4631 468 4685 locis
478 4631 598 4695 babetur,
609 4642 633 4686 ct
644 4630 800 4686 claustrales
811 4630 931 4709 nonnulli
943 4641 967 4686 et
985 4632 1034 4685 uiri
1043 4630 1203 4696 scholastici,
1218 4631 1276 4686 noui
1289 4640 1375 4686 lunsers
1385 4631 1454 4701 [orte
1463 4632 1524 4702 plus
1532 4651 1613 4705 qus·
1626 4630 1725 4705 qaus

124 4728 267 4782 errorores,
275 4718 451 4774 sestudiosius
462 4720 570 4777 lectione
580 4732 707 4791 occupant
718 4721 782 4776 dicti
793 4718 1015 4792 libri,'qluriosum
1028 4728 1184 4787 reputantes,
1197 4721 1301 4790 lqnotus
1314 4721 1431 4790 prolerre
1440 4725 1594 4789 sententies,
1605 4740 1662 4780 cun
1670 4724 1724 4793 lut·

125 4805 207 4860 stolus
226 4809 351 4876 profanas
370 4811 493 4866 rrorutaler
504 4813 595 4866 doceat
608 4815 704 4877 uitare,
715 4829 762 4867 nus
775 4813 856 4883 jaare
869 4811 1010 4882 pastoralis
1028 4809 1212 4866 sollicitudinis
1232 4811 1347 4866 debitum
1363 4814 1537 4883 corruptelae,
1560 4831 1639 4887 quern
1656 4817 1722 4885 qm

124 4897 241 4964 inqerere
255 4894 492 4965 libcrbujusmosli,
508 4909 810 4970 occurreresalaqentes,
824 4898 898 4955 eolis
911 4900 1037 4954 uniuersis
1056 4907 1081 4954 et
1101 4897 1211 4969 sinqulir
1230 4899 1257 4954 in
1272 4900 1365 4953 uirtute
1383 4901 1468 4953 sancti
1490 4900 1607 4970 Spiritus
1626 4896 1721 4955 surus

123 4985 305 5058 praecipiendo
320 4990 485 5055 mandamus,
498 5003 625 5061 quatenus
637 4992 752 5046 libellam
768 4994 846 5047 ialam
860 4990 968 5046 sollicite
980 4992 1148 5062 perquiratis,
1161 4999 1185 5045 et
1198 4991 1346 5060 ubicunque
1363 4991 1447 5060 ipsum
1466 4991 1506 5057 ael
1518 5002 1619 5062 purten
1629 4987 1721 5061 cissis

124 5075 206 5130 ueniri
215 5076 361 5145 contiqerit,
371 5075 406 5129 ad
419 5092 477 5141 nos,
487 5077 510 5130 si
519 5094 608 5132 secure
620 5078 679 5146 ficri
691 5081 781 5148 possit,
792 5079 847 5133 sine
859 5079 985 5134 dilatione
993 5079 1103 5134 ruritlalis
1118 5078 1267 5132 selemniter
1277 5079 1496 5142 comburendum:
1507 5080 1623 5151 alioquin
1634 5094 1673 5134 sos
1681 5072 1719 5145 ἐρ’

10 5174 14 5179 ·
123 5162 224 5234 publice
245 5160 403 5217 comburatis
414 5163 532 5228 eundem,
543 5165 654 5218 subditis
671 5165 760 5220 cestris
772 5182 893 5232 supressa
914 5167 1091 5237 injuuqenles,
1109 5177 1153 5233 ut,
1172 5167 1319 5239 quicunque
1340 5169 1457 5238 ipsorum
1478 5170 1574 5225 babent
1588 5168 1625 5225 ssl
1640 5166 1717 5221 udus

123 5264 231 5327 possunt
245 5255 272 5310 in
287 5264 341 5309 tolo
351 5253 391 5309 uel
404 5255 431 5309 in
441 5256 680 5325 parleeacmplnria
695 5256 759 5310 dicti
768 5255 839 5320 libri,
850 5273 881 5311 en
896 5255 969 5311 nolis
982 5258 1106 5327 differant
1120 5259 1262 5328 resipuere,
1276 5257 1303 5311 iu
1317 5272 1414 5321 ornnes,
1437 5257 1483 5327 qui
1503 5257 1573 5311 ultre
1590 5252 1715 5327 malui

123 5351 189 5414 alles,
203 5346 669 5420 postquamlruqusnrodimandalum
683 5363 729 5400 scu
743 5345 953 5400 denuntiationi
967 5347 1083 5400 notitiam
1102 5362 1192 5400 eorum
1210 5346 1349 5415 peruenerit
1359 5386 1367 5411 ,
1379 5344 1473 5399 libratus
1490 5344 1574 5410 ipsum
1595 5344 1714 5397 lotus!

121 5450 222 5511 partem
235 5441 346 5495 scienter
356 5437 466 5492 relinere
474 5437 704 5508 praesumpserint,
724 5435 997 5491 excommunicationis
1022 5435 1174 5490 rerrlcrrliam
1186 5435 1325 5489 incurrisse
1345 5443 1481 5503 rrulamquc
1499 5421 1713 5502 praenarratam

123 5533 191 5588 ricae
201 5550 252 5589 uon
266 5534 383 5590 eradent.
399 5535 496 5590 Dalrrm
509 5535 632 5590 Laterani
644 5534 744 5588 declino
759 5532 892 5588 Kalendas
907 5530 1045 5586 Frbrrrarii
1055 5542 1103 5585 ete.
1120 5531 1168 5600 (a).

161 5669 198 5739 (ni
212 5671 363 5729 Clrroaieon
379 5672 493 5730 elberici
508 5674 541 5730 ad
557 5688 581 5728 a.
597 5671 676 5737 1225,
690 5670 730 5726 ed.
748 5670 880 5725 leibnitz.
901 5666 1007 5736 Lipsiae
1026 5664 1139 5721 ileilC
1159 5680 1185 5733 p.
1205 5663 1264 5718 ert.
