3984 6534
178 422 205 466 vx
887 402 1103 459 PROOEMIUM.

176 543 325 645 diunysii
355 543 467 636 libros,
498 560 515 604 a
542 544 664 604 Ioanne
689 541 782 603 Scoto
809 540 842 602 in
873 557 1057 605 sermonem
1085 541 1220 605 latinum
1246 556 1431 616 conversos,
1460 541 1535 605 inde
1558 556 1575 604 a
1596 537 1707 603 seculo
1732 536 1808 600 xlv

176 667 288 728 crebre
308 671 499 741 ,occurrunt
519 666 589 726 Duo
605 661 799 741 exemplaria
827 664 1006 742 persimilia
1023 663 1151 744 inspexi
1176 665 1295 728 Romae
1309 665 1342 726 in
1359 664 1524 726 codicibus
1541 659 1706 723 Vaticanis
1736 660 1805 734 tit,

174 785 366 860 membran,
389 783 459 859 fol,
490 783 592 847 seculi
618 783 705 855 xlv,
730 780 880 844 foliorum
905 782 976 856 208,
1005 787 1036 844 et
1062 782 1131 854 tio,
1158 782 1348 855 inumbrau„
1372 780 1443 855 fol,
1468 776 1568 841 seculi
1598 775 1686 848 xlv,
1711 771 1808 836 iulio·

174 919 246 965 rum
275 905 345 967 295.
375 905 412 965 ln
442 904 563 985 quibus
590 902 709 980 pariter
739 903 813 966 illae
844 904 976 967 loannis
1006 903 1092 967 Scoti
1122 904 1342 982 expositiones
1374 924 1393 969 a
1422 904 1515 968 nobis
1545 918 1633 965 nunc
1663 902 1809 1005 primum¹

175 1024 280 1092 editae
302 1029 509 1107 reperiuntur
533 1025 668 1105 sparsim
691 1043 748 1106 per
774 1027 910 1090 alioruin
933 1026 1129 1106 scriptorum
1153 1025 1371 1105 expositiones
1389 1024 1527 1103 singulis
1545 1021 1708 1087 versionis
1725 1016 1809 1105 capi·'

172 1145 261 1212 libus
288 1149 463 1213 subnexae·
493 1150 582 1222 Quos
609 1157 741 1236 quidem
772 1157 899 1221 cedices
929 1159 1101 1221 vaticanos
1127 1175 1228 1240 quum
1259 1157 1300 1220 ob
1330 1157 1481 1236 temporis
1512 1155 1677 1235 angustias
1706 1170 1806 1217 excu-

173 1280 241 1339 tere
276 1293 341 1338 nen
370 1278 543 1355 potuerim,
575 1277 615 1340 ad
645 1276 735 1339 illius
762 1277 881 1340 codicis
901 1277 1075 1356 Brugeusis
1101 1276 1198 1339 fidem
1227 1273 1467 1355 expositionum
1483 1272 1580 1334 locos
1606 1275 1660 1332 aut
1687 1269 1806 1350 depra-

173 1410 265 1465 vatos
289 1411 344 1468 aut
361 1412 529 1485 corruptos
552 1421 647 1484 saepe
670 1404 853 1467 emendavi.
878 1403 939 1465 Sed
961 1409 998 1465 ut
1020 1403 1176 1465 rationem
1209 1402 1341 1464 istarum
1372 1397 1598 1461 collectionum
1632 1391 1805 1470 intelligas,

174 1528 355 1594 collectoris
386 1532 614 1611 praefationem
646 1545 663 1590 e
691 1525 856 1590 codicibus
875 1523 1032 1603 Brugensi
1060 1529 1091 1585 et
1120 1521 1274 1585 Vaticano
1303 1515 1536 1592 cremandam
1563 1512 1622 1577 hac
1651 1518 1806 1593 oppurtu-

173 1651 286 1728 nitate,
309 1654 491 1719 adscribere
516 1657 617 1720 lubet.

325 1840 434 1902 Brevis
446 1847 475 1901 et
488 1837 578 1901 auide
592 1838 764 1901 necessario
777 1837 946 1900 declaratio
962 1836 1181 1917 dispositionis
1197 1835 1297 1897 totins
1313 1832 1418 1915 operis
1432 1829 1655 1912 subsequentis,

763 1946 790 2000 et
805 1956 883 2018 qnos
897 1936 1068 2018 tepentibus
1081 1935 1217 1998 utititas.

173 2093 192 2150 ’ἑ
210 2147 354 2220 Compellit
363 2161 416 2212 me,
426 2145 609 2210 dilectissime,
623 2152 772 2213 opportune
780 2140 986 2265 importuuepia
996 2148 1024 2196 et
1034 2139 1178 2211 providens
1190 2137 1409 2199 tuaedilectionls
1421 2138 1562 2207 instantia,
1574 2150 1644 2195 noro
1654 2144 1682 2193 et
1695 2140 1809 2200 insueto

176 2219 275 2292 operi,
301 2215 452 2289 vigiliarum
484 2224 511 2271 et
534 2213 725 2270 sollicitudinis
751 2213 854 2282 pleno,
883 2224 1099 2280 quaemcunque
1121 2219 1234 2281 potuero
1259 2208 1426 2280 diligentiam
1450 2206 1600 2272 adbibere,
1628 2216 1656 2264 et
1680 2209 1809 2271 humeris

176 2288 258 2348 amici
284 2288 443 2358 praesertim
469 2285 603 2341 debilibus
642 2297 711 2338 onus
747 2281 919 2352 importabile
958 2295 1038 2351 saper
1056 2281 1126 2337 ouis.
1162 2277 1262 2335 liemm
1297 2279 1361 2349 quia
1404 2278 1521 2334 uaelibet
1547 2277 1667 2336 difficilia
1692 2278 1765 2336 levia
1780 2290 1808 2339 et

175 2373 261 2431 prope
282 2357 356 2412 nulla
386 2355 452 2412 iacit
474 2370 567 2419 amor,
597 2352 707 2409 Gliristo
737 2352 805 2407 duee
829 2360 857 2408 ct
880 2349 1008 2421 praevio,
1038 2296 1125 2406 {iberis
1149 2349 1292 2421 aggrediar
1307 2348 1379 2419 quod
1414 2348 1535 2414 ortaris,
1563 2348 1627 2405 licet
1651 2363 1705 2406 uon
1731 2351 1808 2422 igna-

175 2443 256 2493 ren,
282 2425 404 2498 quadiu
428 2425 480 2480 lroc
495 2438 578 2495 opere
605 2423 709 2491 linguas
727 2422 926 2476 corrodentium
950 2436 1003 2476 noir
1027 2418 1153 2502 effugiam
1173 2422 1367 2475 detractorum.
1398 2418 1452 2474 Sed
1474 2434 1529 2474 non
1553 2418 1667 2475 multum
1694 2434 1807 2478 moveor

175 2496 331 2553 vanissimis
354 2495 506 2551 invidorum
533 2501 629 2549 contra
642 2492 784 2546 veritatem
799 2491 961 2555 latratibus,
992 2489 1135 2545 verissime
1149 2490 1239 2546 sciens
1255 2530 1263 2554 ‚
1286 2504 1354 2558 opus
1368 2489 1456 2554 istud,
1483 2488 1507 2544 si
1520 2489 1554 2543 ad
1570 2489 1671 2545 calcem
1685 2489 1808 2548 donante

175 2568 292 2624 Domitm
304 2567 477 2638 perducatur,
491 2579 545 2619 non
557 2562 644 2618 solum
658 2561 718 2624 tibi,
731 2563 779 2617 sed
792 2571 821 2617 et
844 2560 970 2616 omnibus
983 2559 1128 2631 diligenter
1155 2569 1236 2630 atque
1259 2559 1375 2615 fideliter
1400 2557 1561 2630 inspecturis
1589 2573 1643 2614 iton
1668 2559 1806 2618 modicum

175 2638 209 2693 ad
224 2637 339 2706 plurima
358 2635 538 2704 prolaturum,
552 2641 579 2687 et
601 2631 720 2687 maxime
739 2631 772 2685 ad
796 2630 944 2686 faciliorem
957 2629 1079 2685 iiotitiam
1096 2643 1186 2684 rernm
1210 2628 1356 2685 visibilium
1381 2638 1409 2685 et
1429 2630 1671 2686 transcurrentium
1695 2644 1804 2699 earum,

175 2722 246 2777 quae
259 2705 343 2761 falsae
357 2714 382 2757 et
398 2704 507 2760 fallaces
520 2711 548 2759 et
563 2715 701 2770 nunquam
720 2715 908 2770 nusquamque
922 2709 1025 2756 stantes
1037 2699 1081 2769 (i).
1096 2698 1235 2754 felicitatis
1255 2707 1449 2771 contemptum,
1465 2708 1546 2770 atque
1561 2701 1707 2756 certiorem
1726 2717 1739 2755 s
1760 2702 1807 2757 iri·

174 2777 288 2832 tualiurn
302 2774 516 2845 intelligentiam,
541 2771 717 2840 sobriumque
734 2770 891 2824 eorumdem
902 2783 982 2824 verae
996 2780 1023 2824 et
1040 2768 1145 2824 subitis
1161 2778 1188 2824 et
1204 2779 1329 2825 acterius
1344 2768 1517 2825 beatitudinis
1540 2769 1701 2840 appetitum.
1748 2773 1804 2827 evit

173 2848 247 2903 euim
262 2845 391 2900 discretio
407 2855 466 2908 tua,
482 2842 561 2912 quia,
576 2842 647 2897 sicut
671 2840 774 2895 nullum
790 2840 890 2894 malurn
914 2838 1045 2904 vitabile,
1074 2839 1125 2894 nisi
1152 2840 1304 2910 cognitura,
1328 2840 1365 2895 ita
1385 2840 1488 2895 nullum
1513 2840 1613 2895 boauai
1641 2842 1808 2910 appetibile,

175 2917 201 2974 si
224 2914 306 2971 fuerit
335 2915 505 2985 ignoratum,
535 2912 641 2967 otmaro
664 2910 843 2981 Augustino:
874 2907 978 2965 illidio
1003 2908 1082 2964 modo
1106 2909 1241 2979 diligitur,
1269 2909 1341 3034 Tm
1362 2909 1468 2980 penitus
1495 2910 1671 2981 ignoraturi.
1703 2911 1808 2968 Eorum

175 2993 266 3040 autem
289 2984 442 3055 cognitione
468 2982 575 3046 babila,
610 2980 757 3035 auxiliante
781 2979 867 3047 gratia
881 3019 889 3042 ,
905 2980 938 3032 de
958 2978 1029 3034 facili
1052 2977 1187 3049 impletur,
1213 2994 1266 3050 quo
1301 2979 1327 3032 in
1341 2978 1444 3048 psalmo
1467 2980 1653 3051 praecipitur:
1673 2981 1807 3039 ‹Declina

176 3054 280 3112 amalo
292 3063 321 3111 et
333 3054 376 3109 fac
389 3054 489 3108 bonum
507 3071 531 3105 i.
550 3051 579 3107 ln
604 3050 702 3118 quibus
727 3049 832 3105 duobus
857 3048 925 3103 duas
939 3057 1030 3130 partes
1050 3048 1172 3117 justitiae
1196 3051 1344 3104 consistere
1362 3064 1415 3105 uon
1432 3049 1551 3122 ignoras.
1578 3051 1698 3106 Primam
1713 3052 1807 3135 igitur,

177 3126 206 3181 id
220 3132 277 3188 est,
291 3122 441 3195 angelicam
468 3120 632 3176 lerarchiam
666 3116 778 3173 macarii
816 3119 995 3187 Areopagitae
1018 3115 1138 3186 Dionysii
1164 3133 1225 3174 erim
1251 3121 1307 3174 suis
1323 3117 1536 3190 expositionibus
1562 3120 1653 3177 taliter
1679 3124 1808 3180 ordinare

178 3194 323 3260 desidere,
351 3193 422 3261 quod
445 3190 621 3260 praescriptis
645 3188 672 3242 iu
700 3188 771 3243 serie
803 3186 945 3258 capitulis,
971 3200 1041 3256 quac
1066 3202 1080 3240 a
1107 3189 1363 3244 ciiirtmeutatcribas
1383 3188 1416 3242 ad
1437 3189 1599 3244 evidentiam
1617 3191 1701 3246 totius
1716 3194 1808 3263 operis

176 3264 206 3319 in
219 3278 329 3318 suorum
344 3260 483 3331 principiis
499 3269 634 3316 tractuum
658 3265 864 3328 praenotantur,
880 3264 1021 3327 postquam
1041 3255 1075 3311 ad
1099 3256 1315 3324 eitrlanationrm
1332 3256 1425 3312 literae
1438 3266 1597 3328 perventum
1621 3260 1720 3327 fuerit,
1735 3261 1805 3318 uilril

175 3346 289 3404 prorsus
303 3333 337 3387 de
350 3346 410 3386 meo
424 3328 576 3398 adjiciens,
590 3327 658 3383 uilril
673 3327 707 3382 de
729 3326 986 3383 commentariorum
1012 3325 1227 3396 expositionibus
1248 3328 1483 3395 praetermittens,
1510 3329 1642 3400 imprimis
1658 3331 1808 3402 capitulum

178 3406 212 3458 de
225 3410 300 3457 textu
313 3400 464 3457 lerarelilae
477 3402 597 3455 inseram
610 3438 618 3463 ,
632 3400 676 3453 cui
689 3399 781 3454 statim
796 3411 944 3466 supponam
959 3394 1119 3451 translatavit
1150 3395 1183 3453 de
1196 3395 1301 3453 Graeco
1327 3395 1355 3452 iu
1379 3395 1505 3453 Latinum
1521 3401 1700 3471 glossaturam
1718 3403 1808 3459 eidem

179 3470 298 3541 capitulo
313 3479 516 3543 congruentem.
532 3469 628 3524 Postea
642 3467 802 3550 praescripti
817 3465 928 3537 capituli
948 3467 1096 3523 secuudum
1125 3482 1250 3537 magnoin
1271 3465 1410 3538 llugouem
1434 3468 1467 3525 de
1491 3468 1520 3526 S.
1543 3469 1649 3526 llietere
1671 3474 1809 3541 expositio

178 3542 365 3609 subiungatur,
376 3541 437 3595 dein
450 3538 563 3595 ioannis
577 3538 651 3593 Seett
666 3578 674 3603 ,
689 3538 723 3592 ad
740 3537 864 3592 ultimum
883 3535 996 3592 loannis
1021 3534 1149 3592 eamear
1164 3537 1284 3592 ciusdem
1303 3534 1411 3608 capituli
1436 3540 1590 3611 explanatio
1614 3542 1807 3612 subsequetur.

177 3611 238 3668 Erit
251 3611 333 3682 igitur
346 3609 533 3680 dispositionis
545 3607 707 3664 haimardo
720 3608 802 3676 talis,
818 3607 890 3676 qnod
904 3606 1072 3677 praescripto
1083 3614 1172 3661 textus
1195 3607 1312 3676 capitulo
1326 3609 1518 3664 venerabilium
1542 3612 1683 3667 doctorum
1698 3614 1809 3682 exposi-

178 3684 268 3738 tiones
282 3681 496 3754 subscribantur,
512 3678 703 3750 praetltulatae
728 3693 777 3748 per
801 3677 921 3747 singulas
947 3689 1057 3755 suorum
1079 3675 1233 3732 nominibus
1255 3684 1442 3742 tractatorum,
1469 3688 1498 3735 ut
1522 3682 1569 3737 tali
1596 3684 1756 3752 compendio
1782 3692 1811 3740 et

178 3751 279 3823 legenti
301 3750 520 3812 terentiolus,
545 3756 677 3818 quantum
704 3749 821 3803 buitiana
847 3748 918 3802 siuet
932 3746 1085 3810 infirmitas,
1101 3746 1257 3803 caelestium
1282 3747 1459 3818 intelligentia
1482 3761 1671 3818 secretorum,
1690 3767 1760 3822 qaae
1780 3754 1809 3810 iu

176 3833 255 3880 textu
269 3823 353 3893 ipsius
367 3820 517 3876 lerarchiae
532 3821 703 3881 coritiiiotur,
717 3828 744 3871 et
760 3815 917 3872 revolvendi
940 3814 1030 3885 plures
1045 3813 1129 3870 libros
1143 3831 1257 3873 onerosa
1283 3824 1431 3874 necessitas
1455 3820 1602 3877 auferatur.
1629 3820 1683 3878 Sed
1706 3831 1809 3879 notan-

176 3894 264 3955 dum,
295 3891 366 3959 quod
393 3889 529 3960 glossulas
552 3902 602 3957 per
624 3887 822 3949 Anastasinm,
854 3885 1019 3954 apostolicae
1043 3885 1116 3939 scitis
1139 3884 1396 3953 bibliothecarium,
1425 3888 1458 3945 de
1488 3889 1590 3947 Graico
1620 3892 1646 3947 in
1679 3892 1807 3950 Latinum

178 3960 485 4030 translatae,partirna
513 3958 593 4011 beato
614 3956 769 4011 corifessare
791 3957 931 4015 llaiiiuo,
955 3954 1052 4025 partim
1076 3969 1090 4007 a
1114 3965 1208 4011 sancto
1229 3956 1333 4013 lernae
1357 3957 1577 4030 Scytlropolitauo
1601 3963 1807 4032 pontificemne

176 4030 277 4086 solue.
292 4030 345 4083 Eas
358 4041 448 4083 triniati
464 4041 558 4081 amites
575 4027 603 4080 in
621 4027 673 4080 lroc
687 4041 768 4094 opere
783 4027 891 4081 notitiae
906 4023 1014 4077 Maximi
1029 4024 1205 4094 praetitulare
1217 4028 1354 4097 disposui,
1371 4044 1405 4082 ne
1422 4028 1492 4085 forte
1507 4038 1618 4112 propter
1635 4034 1806 4090 identitatem

178 4100 341 4162 notuiuuar,
367 4097 478 4153 ioannis
500 4093 625 4148 videlicet
648 4094 880 4165 Scytiiopolitairi‚
901 4102 928 4147 ct
943 4090 1055 4148 loannis
1070 4092 1154 4160 Secti,
1178 4095 1343 4180 instituisque
1358 4098 1486 4155 Saraceni
1509 4105 1622 4157 iittentie
1647 4102 1764 4173 legentis
1777 4104 1804 4160 in

178 4167 269 4237 aliquo
284 4167 466 4236 pertrabatur.
490 4163 545 4217 Nec
558 4173 647 4217 tarrtrn
662 4165 721 4218 ideo
739 4171 818 4217 carisi
833 4172 924 4217 nostra
940 4163 1124 4231 praetitulatio
1139 4166 1323 4222 tricudos'itatis
1341 4168 1429 4237 argui.
1453 4166 1520 4224 Nini
1535 4187 1617 4241 quuin
1635 4172 1661 4229 iti
1675 4174 1802 4230 ouinibus

177 4238 300 4293 veritais
324 4232 504 4308 praeconibus
523 4248 592 4286 unua
615 4244 643 4288 ct
666 4233 736 4287 idem
757 4234 875 4302 loquitur
893 4233 1013 4303 spiritus,
1038 4235 1142 4289 iiioentc
1156 4236 1288 4291 iniuriae:
1308 4236 1389 4292 ‹Noa
1410 4239 1481 4293 euim
1496 4255 1544 4295 vos
1559 4242 1634 4306 estis,
1650 4242 1695 4310 qai
1712 4242 1803 4312 loqui-

177 4309 244 4364 mini
258 4349 265 4372 ‚
281 4317 327 4364 sed
339 4306 455 4393 Spiritus
469 4303 559 4358 l'atris
573 4305 654 4358 vestri
668 4344 675 4368 ,
690 4305 735 4374 qni
748 4303 865 4375 loquitur
880 4304 907 4359 io
925 4302 1000 4359 vobis
1025 4322 1048 4369 i,
1066 4313 1168 4359 certain
1181 4313 1242 4369 est,
1265 4308 1336 4374 qued
1360 4307 1438 4363 nobis
1455 4319 1563 4380 propter
1583 4311 1703 4366 eiusdem
1726 4326 1804 4368 coiu-

177 4379 333 4436 munionem
350 4378 466 4449 Spiritus
482 4377 509 4429 in
524 4390 606 4447 reguo
619 4376 768 4433 ctitlroticae
782 4374 904 4430 veritatis
925 4373 1030 4445 singula
1050 4382 1113 4427 Sillii
1135 4375 1255 4430 orricium
1277 4384 1305 4430 et
1329 4379 1418 4430 omnia
1442 4380 1618 4451 singulorum.
1638 4379 1727 4448 Quare
1748 4400 1801 4438 non

177 4450 263 4504 invito
276 4467 292 4520 p
308 4460 385 4522 optcr
398 4448 511 4502 eoiidcm
527 4445 554 4500 iit
569 4446 635 4516 ipsis
646 4446 800 4514 loquentem
814 4444 944 4514 Spiritum
957 4481 965 4508 ,
980 4443 1051 4511 quad
1077 4440 1209 4499 Maximus
1224 4444 1311 4513 dixit,
1326 4445 1443 4502 ioannes
1459 4447 1564 4518 jailicat
1578 4464 1638 4507 esse
1660 4467 1759 4519 serini,
1775 4462 1802 4509 et

177 4521 249 4591 quod
262 4519 399 4585 Joaiitrcs,
415 4518 547 4575 llasitnus
568 4532 583 4570 a
598 4530 627 4570 se
651 4531 705 4570 tion
729 4525 835 4584 reputat
850 4513 978 4592 alienant.
1004 4510 1124 4592 Nec-riou
1138 4521 1165 4567 et
1184 4513 1235 4570 boc
1249 4515 1391 4588 diligenter
1410 4519 1634 4576 coitsidcruudiim
1649 4532 1711 4587 est,
1728 4524 1801 4610 quod

177 4592 332 4661 ubieunque
348 4592 442 4644 literae
456 4596 546 4641 textus
561 4585 657 4654 duplex
670 4583 840 4646 occurrerit,
858 4581 1038 4635 interlinearis
1051 4581 1130 4637 litera
1144 4585 1296 4653 specialiter
1307 4585 1340 4639 ad
1354 4587 1568 4655 explanationem
1589 4590 1701 4648 ioannis
1730 4593 1805 4649 Secti

175 4657 343 4727 Joanttisque
363 4657 491 4713 Saraceni
517 4653 652 4721 partinet,
679 4655 749 4709 sicut
769 4653 795 4708 iii
813 4651 884 4708 serie
908 4649 969 4706 libii
995 4652 1054 4706 luce
1075 4652 1176 4708 clarius
1200 4655 1347 4724 apparebit.
1373 4656 1406 4710 Et
1422 4657 1489 4714 ltaec
1515 4670 1604 4717 umeri
1630 4678 1678 4732 pro
1712 4664 1803 4720 labore

176 4729 328 4801 praescisti.
353 4725 441 4795 optetis
465 4720 669 4777 retributionem
692 4723 814 4779 olitinore
841 4720 984 4786 (laslinse,
1013 4734 1041 4776 ut
1067 4723 1191 4790 preoltus
1219 4734 1247 4779 et
1273 4726 1377 4782 trieritis
1404 4727 1482 4782 bitias
1505 4733 1603 4786 samari
1630 4744 1690 4803 pust
1709 4735 1802 4791 beatos

178 4794 314 4863 apostoles
338 4793 453 4862 tlrcelogi
477 4791 685 4861 beatorumque,
703 4794 736 4847 de
757 4794 853 4863 quibus
867 4801 941 4846 tniita
957 4806 1035 4847 tressi·
1048 4802 1075 4846 et
1088 4791 1206 4847 scribere
1219 4797 1406 4864 promeruerit,
1427 4798 1599 4869 inpraesenti
1626 4800 1803 4874 suflragluin,

176 4865 267 4921 urium
279 4866 446 4920 consortium
462 4874 618 4932 pusitii-rear
632 4863 800 4934 angelorum.
820 4863 899 4917 Asisit
916 4863 997 4933 igitur
1013 4865 1095 4926 inilii,
1117 4878 1222 4932 precor,
1246 4865 1299 4919 tuis
1325 4867 1450 4937 precibus
1474 4872 1618 4942 impetrata
1643 4876 1805 4932 tenebrosae

177 4935 285 5001 rixanti,
301 4935 328 4989 id
341 4945 382 4990 est
395 4947 481 4996 incas,
499 4930 674 4986 illariiiaatiiii
692 4932 793 5003 gloria,
808 4943 836 4986 nt
849 4931 906 5001 ipsa
927 4933 1130 5002 praeveniente,
1147 4943 1308 5005 cooperante
1325 4945 1352 4990 et
1366 4938 1546 5007 subsequente
1557 4956 1625 5011 opas
1638 4953 1692 4998 tam
1715 4945 1803 5010 dulce,

174 5015 232 5060 tatu
261 5005 341 5071 utile,
369 5014 424 5058 iarn
449 4999 606 5057 ililsciabilo
630 5004 734 5070 pioriiin
761 5003 936 5072 tlieosopbiac
960 5003 1126 5059 stulentiaiu
1151 5005 1285 5061 latratibus
1309 5018 1491 5077 opportunum
1517 5011 1626 5070 initium
1653 5015 1801 5085 sortiatur,

173 5091 348 5150 progrcsnrn
365 5074 518 5130 ordiiratiini
538 5070 662 5142 accipiat,
677 5084 757 5144 atque
776 5073 829 5129 tine
842 5073 1005 5142 competenti
1019 5081 1046 5127 ct
1057 5073 1148 5128 ili-bito
1163 5078 1331 5131 terminetur.
1343 5077 1439 5135 brneu.

212 5258 251 5322 Et
283 5259 360 5323 baec
391 5261 521 5340 quidem
547 5259 587 5323 de
618 5259 799 5334 codicibus,
830 5276 869 5321 ex
900 5259 1019 5337 quibus
1049 5282 1063 5317 r
1088 5260 1222 5324 ioannis
1252 5261 1337 5323 Scoti
1369 5257 1594 5341 Expositioires
1624 5259 1805 5327 lerarchiae

172 5379 321 5446 caelestis
340 5404 354 5438 a
370 5397 455 5445 stunc
484 5384 621 5463 primuni
651 5381 826 5447 edidimus.

213 5504 280 5578 io.
302 5503 435 5569 toenitis
460 5505 544 5568 Scoti
565 5505 811 5584 Eiptositionum
837 5505 870 5566 in
899 5504 1191 5585 Pseudo-Dionysii
1221 5503 1318 5566 libros
1342 5503 1382 5567 de
1406 5502 1563 5568 lerarchia
1586 5504 1807 5570 ecclesiastiea

172 5612 346 5698 helopem
375 5625 443 5686 erui
470 5642 488 5689 e
521 5625 623 5689 tribus
651 5626 828 5700 codicibus,
860 5627 1022 5707 Lipsiensi
1051 5627 1129 5689 bibl.
1155 5626 1328 5690 Universit.
1355 5627 1424 5703 itit,
1449 5628 1726 5706 meinbran.‚f0l.,
1754 5648 1807 5695 se·

173 5742 237 5807 culi
260 5746 348 5822 xlii,
366 5750 519 5817 Vaticano
550 5755 618 5831 177,
654 5754 842 5829 membran,
867 5753 936 5828 fot,
962 5752 1064 5817 seculi
1091 5752 1175 5825 xlv,
1205 5759 1236 5814 et
1261 5751 1370 5816 codice
1401 5754 1557 5818 sorbonn.
1585 5752 1663 5815 1355
1687 5752 1807 5818 biblio·

171 5873 284 5957 tiresia
312 5877 430 5961 llegiae
448 5878 651 5959 Parisiensis,
669 5878 860 5959 montinum,
889 5878 930 5957 ic,
946 5878 1049 5945 seculi
1070 5878 1159 5947 Xlll·
1179 5878 1205 5945 Ε
1229 5879 1348 5963 quibus
1372 5879 1562 5965 lipsiensis,
1586 5878 1645 5969 qui
1669 5881 1807 5963 Joanuis
