3984 6534
332 393 401 450 isto

333 506 482 575 perlectum
496 505 636 560 desursum
655 516 715 555 csse
731 501 898 555 descendeus
913 515 927 552 a
941 497 1023 552 Patre
1044 496 1125 549 luini-

333 592 409 639 num,
424 574 518 644 procel
540 572 620 626 dubio
633 571 732 624 donum
755 571 892 638 sapientia·
907 568 1043 636 diligimus
1057 566 1124 620 diri·

333 644 465 699 iiitustibi
485 642 621 696 collatum.
637 640 801 693 Prosilieatur
813 641 885 692 enini
903 640 936 690 de
952 646 986 697 te,
1006 645 1033 689 et
1049 636 1126 704 louge

331 714 441 783 iateque
451 711 616 774 diffunditur,
631 709 703 780 quod
714 710 750 761 sis
761 709 869 776 sapiens
880 718 907 761 et
917 709 1000 761 ileum
1017 706 1124 760 timens.

333 784 471 852 Scriptum
495 791 537 836 est
565 781 636 834 eiiim
669 797 674 830 :
703 777 864 845 Principium
890 777 1024 845 supieritiir
1048 775 1128 827 tintor

332 853 439 908 Domini
462 850 560 921 (Pron.
576 849 613 905 ii.
637 845 769 901 Narratur·
792 848 873 899 etiam
893 847 963 912 iiiiod
981 845 1019 898 sis
1038 844 1127 910 justiis

333 924 405 992 quod
420 922 543 989 congruit
563 919 642 985 regiae
658 915 793 986 potestati,
808 916 964 982 cunctisque
977 912 1125 980 jirdicibus,

333 993 423 1046 (lirina
447 989 610 1058 predicante
629 985 760 1053 sapientia
779 1000 786 1037 t
806 985 911 1053 Diligite
926 985 1060 1053 justitium
1081 984 1126 1052 qni

328 1060 456 1129 judicatis
470 1070 567 1112 terreni
589 1055 666 1125 (Sap.
688 1055 724 1122 i).
741 1054 923 1106 denuntiatur
945 1054 1026 1106 etiam
1040 1068 1055 1105 a
1068 1053 1126 1122 phi-

334 1130 408 1184 ribus
430 1129 539 1200 probis,
563 1124 730 1195 peruiarinie
751 1138 765 1175 a
790 1123 976 1176 comninistro
995 1131 1022 1175 et
1043 1121 1126 1175 tratre

332 1200 495 1254 verbotenus
510 1203 614 1258 nostru,
629 1203 785 1260 vestroque,
798 1202 824 1245 et
840 1191 953 1244 iratrmii
970 1199 1124 1245 nostrorum

333 1268 409 1335 regui
421 1267 517 1328 restit,
530 1263 705 1317 lliiiiaeeusis
719 1263 812 1331 synodi
824 1261 1078 1329 archepiscoporum
1099 1267 1126 1313 et

332 1338 520 1408 episcoporum
534 1335 631 1404 legato,
655 1332 857 1399 archiepiscopo
871 1328 926 1394 jam
941 1346 955 1383 a
972 1330 1049 1383 iiohis
1062 1344 1126 1383 cou-

332 1408 427 1462 stituto
437 1403 639 1460 Turoiicusihns
649 1401 776 1463 dctarilo,
788 1400 860 1467 quod
875 1399 912 1453 sis
924 1408 1037 1462 amator,
1051 1399 1125 1453 etal-

331 1485 414 1540 tator,
439 1484 466 1528 et
480 1473 628 1545 illustrator
647 1469 772 1539 specialis
792 1470 818 1520 in
838 1467 903 1523 orbe
926 1477 1080 1531 terrarum,
1098 1478 1126 1522 ct

753 388 892 446 ADRile
912 386 1013 443 PAPAE
1032 391 1054 440 li
1072 386 1251 438 Et’ts'ttiint
1271 388 1314 440 ei
1334 389 1504 443 hethere.

1915 403 1964 458 tet

1139 498 1165 556 Α
1179 495 1217 549 ris
1232 496 1330 559 nostri,
1343 497 1405 564 quia
1419 497 1441 551 si
1453 507 1599 566 superstes
1612 500 1638 553 ci
1652 499 1741 555 hierii
1754 512 1844 558 restra
1856 510 1966 570 uobititss,

1177 567 1232 619 rita
1248 567 1324 618 inibis
1346 568 1455 630 comite,
1470 570 1492 622 si
1512 570 1623 623 dederit
1639 571 1728 626 nobis
1744 573 1871 642 quislibet
1892 583 1969 639 milio·

1178 650 1236 689 rimi
1253 636 1402 689 mertiorum
1416 639 1475 692 auri
1492 639 1651 703 cumulum,
1670 657 1819 711 nunqnam
1841 651 1971 715 acquiesce.

1177 720 1248 769 mus,
1265 720 1451 773 exposcemus,
1468 718 1516 761 aut
1529 718 1635 778 sponte
1660 713 1851 780 suscipiemus
1871 719 1971 783 sturmii

1177 789 1289 843 regnum
1301 786 1328 829 ct
1340 777 1481 844 imperium
1494 778 1749 843 llornauum,'uisi
1762 785 1885 853 teipsum.
1896 790 1964 855 Quem

1177 847 1239 912 quia
1256 845 1412 915 praedicaris
1426 848 1562 916 sapientia
1575 857 1605 901 et
1617 850 1747 916 justitia,
1765 854 1892 925 religione
1902 872 1924 914 ci
1935 841 1974 919 iiii

1178 922 1244 977 tute,
1271 915 1410 970 nobilitate
1425 927 1451 970 et
1465 917 1553 971 lerina
1568 959 1576 982 ,
1595 919 1737 974 videlicet
1751 927 1904 990 prudentia,
1921 941 1972 987 tui·

1175 983 1307 1062 perantia,
1325 983 1483 1041 tortitudine
1506 998 1595 1056 atque
1611 990 1726 1057 pietate
1751 993 1974 1058 rescripserim.

1179 1053 1269 1122 tigerit
1282 1063 1308 1106 tc
1322 1053 1511 1123 imperatorem
1527 1067 1665 1112 nostrum
1694 1061 1819 1116 rit-ende
1832 1077 1974 1141 super-omit,

1178 1129 1203 1174 te
1217 1132 1341 1190 optamus
1355 1126 1443 1179 omnis
1457 1126 1548 1180 clerus
1567 1138 1595 1180 et
1613 1129 1700 1197 plebs
1715 1141 1747 1185 et
1772 1136 1897 1192 nobilitas
1908 1114 1975 1199 iiius

1176 1193 1250 1271 orbis
1272 1201 1299 1245 ct
1313 1195 1397 1256 urbis,
1413 1209 1465 1248 nou
1490 1198 1583 1250 sulum
1600 1200 1712 1254 duceni
1739 1210 1769 1256 et
1786 1219 1894 1273 regem,
1910 1217 1975 1278 pagi.

1177 1268 1244 1313 tiiiui
1257 1271 1284 1314 et
1301 1264 1510 1331 iiiiperutureiii,
1531 1268 1584 1320 sed
1602 1269 1630 1322 iii
1649 1274 1792 1337 praesenti
1816 1276 1926 1334 Ecclesia
1942 1286 1974 1337 de-

1176 1328 1321 1410 lensuieiu,
1338 1344 1364 1385 ct
1384 1335 1409 1386 iii
1433 1343 1534 1389 aeterna
1564 1353 1632 1391 cuni
1651 1343 1794 1396 omnihus
1818 1352 1911 1404 samis
1930 1369 1974 1420 pri-

1177 1410 1284 1480 ticipcrii
1301 1399 1367 1455 hirc.
1386 1402 1423 1456 lte
1443 1405 1576 1473 pontiliee
1600 1406 1795 1466 Lauitmicusi
1818 1415 1972 1479 lliuiiuiroi

1176 1469 1334 1535 praesulibus
1349 1472 1439 1525 deceni
1454 1476 1672 1541 pruriiieiaruiii
1693 1480 1848 1549 deposito,
1868 1500 1894 1541 ct
1910 1507 1972 1549 aiis

331 1544 513 1615 permavimus
534 1541 710 1596 ecclesiarum
725 1539 771 1591 hei
790 1552 797 1589 ι
813 1538 849 1590 ita
866 1546 895 1589 ut
908 1537 997 1590 nullus
1011 1538 1046 1592 sit
1065 1539 1123 1606 epi·
1177 1538 1337 1607 tropulitauo
1355 1556 1403 1594 suo
1426 1546 1577 1599 i'ciicrahili
1603 1545 1704 1602 tratre
1729 1552 1879 1611 tliuciuaro
1895 1565 1972 1618 audrie

332 1629 446 1683 scopus,
479 1611 634 1678 nullumque
665 1607 858 1662 iiionasteiiuin
886 1607 911 1659 iu
946 1622 1028 1673 reguo
1058 1616 1122 1673 tuo,
1175 1608 1295 1676 piscope
1312 1621 1450 1665 reserrato
1464 1617 1626 1681 peremnia
1646 1618 1741 1687 hujus
1755 1624 1971 1701 piiiiiosseiispe

331 1684 466 1752 quodum,
482 1680 590 1734 auggg-js
608 1679 687 1732 retius
701 1677 834 1796 propriis,
857 1685 883 1728 et
902 1677 1054 1730 restitueris
1069 1679 1124 1732 suis
1176 1677 1263 1745 i'ilcgii
1284 1677 1396 1744 judicio,
1421 1684 1558 1738 cumulata
1577 1687 1604 1740 iu
1627 1691 1824 1756 synodalibus
1846 1698 1929 1755 litteris
1952 1715 1971 1758 rt

350 1752 537 1819 erpluriuiiim,
561 1759 723 1817 optaresque
757 1755 880 1798 crrciitei·
904 1755 932 1799 et
954 1745 1123 1802 desiderares
1175 1747 1278 1815 proditi
1294 1751 1499 1817 uictrupolitaui,
1516 1763 1545 1807 ct
1570 1759 1696 1819 restris,
1717 1778 1771 1817 iiee
1794 1783 1847 1820 ιιοιι
1870 1744 1970 1828 iiitit'eii

330 1768 402 1876 iane
428 1819 557 1889 principis
581 1816 762 1884 apostulorum
792 1815 866 1868 Petri
890 1816 1004 1883 primani
1029 1816 1375 1896 sedemproclamationis
1399 1817 1464 1874 cleri
1487 1833 1513 1875 ct
1537 1823 1635 1891 plebis
1663 1828 1866 1892 Laiiduneusis
1898 1857 1934 1896 scii
1951 1812 1969 1898 iii

331 1889 459 1948 exaltare,
479 1888 622 1951 houmere,
647 1884 791 1952 multisque
813 1885 970 1938 muneribus
993 1884 1123 1939 ricarium
1176 1885 1267 1939 libelle
1292 1889 1438 1943 continenti
1465 1892 1569 1946 seriem
1599 1908 1758 1965 gestorum
1786 1881 1880 1975 synodi
1917 1922 1968 1967 niti

329 1952 921 2027 ejus,etclei·uiiisihieoniinissumditare,
947 1953 1124 2008 ctahoiiiiii-
1175 1955 1247 2009 dictu
1271 1956 1395 2019 tietantia.
1422 1969 1553 2030 tantaque
1581 1972 1791 2036 exsecranda,
1815 1987 1842 2030 et
1863 1951 1968 2037 :rectora

329 2028 382 2081 hus
397 2026 530 2087 hostibus,
544 2037 624 2094 proiit
637 2037 715 2094 posse
736 2032 764 2076 et
785 2031 888 2091 tempus
910 2023 1061 2087 dictaverit,
1077 2027 1123 2077 ite-

329 2096 450 2161 seusare,
464 2095 602 2162 Deumque
618 2096 680 2150 totis
691 2093 841 2147 iisceittms
859 2095 884 2146 iu
898 2093 949 2146 hoc
962 2092 1121 2160 glorificare,

330 2176 458 2221 mouente
479 2165 610 2234 propheta
625 2181 657 2219 cx
677 2178 791 2233 persona
809 2163 914 2217 lluniiiti
933 2179 939 2216 :
957 2164 1008 2227 Qui
1022 2163 1123 2231 glorifi-

330 2246 391 2288 cant
410 2252 460 2300 ine,
485 2234 618 2304 gloriabor
633 2238 659 2289 in
683 2238 720 2289 cis
742 2234 766 2302 (ι
784 2232 1054 2313 haimericum
1079 2250 1119 2286 sn·

329 2305 430 2388 pientia
442 2304 641 2374 praecellentem
655 2320 715 2358 cuin
734 2305 830 2357 timore
844 2303 903 2360 lici.
918 2311 946 2354 et
966 2302 1121 2370 diligentem

325 2375 472 2444 justitiam,
489 2381 518 2428 ct
540 2375 734 2444 gloriticautem
750 2374 832 2427 Deum
843 2413 850 2434 ,
863 2373 924 2439 quis
940 2386 992 2423 uon
1008 2371 1122 2441 diligati

329 2446 391 2513 quis
414 2462 466 2498 ιιοιι
492 2445 614 2498 ambiat?
640 2445 701 2512 quis
728 2458 780 2495 iieii
808 2441 958 2494 desideret?
983 2441 1043 2508 quis
1069 2457 1121 2495 uon

329 2522 403 2595 optet
421 2528 525 2575 rerem,
539 2513 607 2566 sicui
622 2529 711 2581 regem
728 2509 936 2579 precellentem.
952 2509 1021 2563 sicut
1039 2509 1121 2576 justi-

327 2592 395 2637 tiam
420 2582 622 2639 moderantem.
649 2583 719 2635 sicut
746 2580 829 2633 Deum
854 2580 1068 2648 glorificantem?
1093 2580 1120 2634 tu

327 2653 442 2708 veritate
457 2652 561 2706 credite
576 2652 670 2715 nobie,
683 2651 746 2720 quia
767 2650 834 2704 tales
848 2651 960 2702 iirtutcs
980 2649 1018 2702 sic
1039 2649 1121 2717 diligo

328 2723 356 2776 iii
371 2721 455 2786 rabie,
472 2722 542 2775 sicut
562 2721 679 2775 auimam
702 2735 800 2774 meam
821 2718 955 2787 Scriptum
975 2718 1118 2772 esteuiui:

330 2791 427 2862 Diliges
442 2791 580 2860 prosiiunn
603 2801 675 2843 ioum
695 2792 761 2844 sicut
778 2790 888 2857 teipsum
913 2786 1004 2855 (tecit.
1031 2791 1118 2855 xriiit.

326 2861 362 2916 Et
383 2862 461 2916 talem
487 2860 606 2930 intelligo
619 2860 781 2928 proximum,
801 2873 881 2928 quein
902 2866 1008 2911 cunstat
1023 2857 1120 2912 tulllius

326 2932 474 2985 virtutibus
488 2929 641 2998 repletum:
666 2939 694 2983 ct
712 2945 727 2982 a
748 2929 791 2982 die
817 2927 880 2987 illa,
907 2942 958 2994 qua
977 2927 1052 2980 robis
1072 2942 1120 2995 per

324 2999 468 3068 prolatum
480 2998 592 3053 liatrciii
607 3008 728 3053 uostriiiu
741 2998 865 3051 mandari
879 2995 970 3049 fideles
983 2997 1120 3051 omtioiies

327 3078 355 3123 et
378 3069 543 3124 certissimas
567 3069 696 3131 amicitia,
721 3083 857 3135 uunquam
886 3066 1014 3118 aliorsum
1036 3065 1119 3119 dech-

327 3139 399 3192 nari.
415 3139 448 3191 Et
464 3139 487 3192 si
502 3139 624 3206 «quaedam
644 3138 739 3191 littera
761 3138 855 3190 delatae
873 3136 949 3188 rubis
962 3145 1025 3187 sunt
1039 3136 1117 3187 aliter

325 3222 356 3263 ee
368 3208 497 3261 hahentes
515 3208 541 3260 iu
558 3207 714 3276 superficie,
729 3207 770 3259 rel
784 3207 928 3273 subreptae,
954 3203 994 3257 rel
1011 3220 1025 3256 a
1040 3205 1117 3258 nohis

324 3276 523 3331 iulirma'iitihus
537 3285 662 3339 extorre,
687 3275 730 3329 rel
746 3274 890 3345 aqualibet
914 3289 1028 3343 persona
1053 3290 1114 3327 coii-

322 3345 406 3409 tlctae,
436 3346 529 3400 durius
550 3354 596 3399 aut
619 3346 709 3399 aerius
733 3345 897 3399 mordaciter
922 3353 1071 3397 suiiautcs:
1091 3345 1115 3397 id

324 3425 416 3468 tamen
431 3416 509 3470 nobis
529 3415 612 3469 dium
633 3429 739 3483 smper
751 3414 851 3468 mansit
873 3413 898 3466 iu
919 3423 1027 3475 niente,
1044 3413 1114 3480 quod

322 3483 400 3537 robis
414 3485 625 3552 significavimus
644 3484 750 3538 derote.
775 3483 831 3537 Nec
850 3481 966 3535 alienum
980 3483 1113 3550 judicari·

322 3566 396 3616 mus,
414 3548 581 3619 judicamus,
598 3562 625 3603 ct
646 3552 826 3615 judicabimus
849 3566 862 3604 a
887 3563 977 3604 uestra
994 3567 1115 3605 cormun-

321 3621 406 3675 iiione
428 3620 525 3674 mentis
549 3619 690 3674 devotione
706 3635 786 3685 quem
802 3619 937 3685 diligimus
960 3630 1015 3670 iota
1031 3621 1113 3674 animi

321 3689 481 3751 intentione,
493 3687 646 3756 judicantes
666 3687 776 3754 dignum
800 3686 896 3746 laude,
913 3687 1041 3753 propheta
1058 3703 1114 3740 uio·

322 3767 420 3812 nente:
435 3755 525 3811 liectoa
539 3756 610 3810 decet
624 3754 733 3807 irruituro
747 3753 832 3817 (l’snl.
847 3755 925 3821 xxii).
943 3758 1027 3818 Quem
1049 3771 1112 3823 pro-

321 3826 392 3881 lecto
415 3841 570 3895 speramus,
586 3826 609 3877 si
632 3825 709 3878 uobis
732 3834 868 3893 superstes
893 3823 994 3886 luerit,
1012 3826 1112 3879 nestris

320 3896 446 3950 omnibus
456 3895 612 3965 propinquis
624 3903 652 3948 et
666 3894 760 3948 miricis
772 3909 881 3946 manum
897 3895 1033 3961 porrigere
1048 3910 1112 3947 coii-

320 3964 470 4026 solationis‚
483 3964 597 4018 indolem
617 3972 644 4016 et
664 3962 742 4017 iidem
758 3962 815 4029 ejas
828 3972 970 4016 ceriieuies
983 3963 1009 4015 iu
1024 3964 1111 4016 attini-

321 4044 405 4087 taiem
435 4034 645 4101 propinquorum
679 4033 764 4087 nostri
792 4032 953 4086 decessoris.
989 4032 1111 4101 Namque

322 4102 391 4155 solet
415 4115 485 4169 sape
503 4111 616 4170 uterque
630 4114 728 4169 pareus
749 4103 775 4154 iii
794 4101 897 4168 prolem
914 4104 1057 4170 opprobria
1071 4104 1110 4156 rel

319 4170 462 4225 maledicta
484 4185 643 4240 congerere,
671 4185 750 4237 quam
765 4179 840 4238 opiat
864 4170 921 4224 siue
947 4173 1059 4225 crimine
1083 4182 1111 4227 ct

319 4238 429 4295 laesione
443 4254 561 4294 manere.
575 4239 624 4294 Cui
639 4240 725 4294 simile
746 4240 814 4294 sotei
830 4254 900 4309 saepe
911 4242 1067 4295 doctoribus
1084 4251 1111 4296 et

319 4309 541 4379 predicatoribus
552 4309 716 4377 contingere.
726 4309 953 4379 Quapropternon
962 4311 1109 4375 adsouuiii,

319 4377 366 4433 sed
382 4387 489 4446 oportet
508 4379 542 4431 ad
562 4388 653 4433 vetum
669 4380 811 4446 respicere.
825 4379 970 4433 Praetatum
989 4391 1109 4435 restrum

318 4447 436 4517 deniqne
460 4447 598 4516 legatum,
617 4447 687 4501 sieut
706 4449 889 4518 significastis,
904 4457 931 4501 et
943 4452 1060 4519 synodus
1083 4459 1110 4502 et

318 4517 394 4583 pleds
408 4515 587 4587 expostulavit
604 4524 633 4571 et
644 4516 795 4583 Tuiuuicns
815 4517 919 4582 clerus,
940 4520 995 4589 jam
1009 4520 1109 4574 cousti-

319 4587 420 4641 tuimus
444 4586 607 4641 cardinalem
630 4588 866 4654 metropolitanum
880 4596 906 4641 ct
925 4588 1106 4658 archiepisco·

317 4670 381 4724 pum
394 4654 535 4712 Turouicae
546 4655 701 4723 proriucite,
717 4672 764 4724 per
776 4656 900 4720 ferulam,
923 4659 1062 4726 pitacium,
1080 4668 1107 4713 et

317 4724 463 4791 annulum,
488 4739 593 4779 ueciiou
614 4739 662 4792 pei
681 4736 781 4779 uestrae
802 4727 971 4782 auctoritatis
991 4726 1107 4783 litterale

318 4793 466 4847 decretum.
486 4793 532 4848 Sic
556 4803 665 4856 tamen,
681 4804 710 4847 ut
722 4795 886 4850 Naniueticae
908 4797 1044 4861 ecclesie,
1063 4800 1105 4852 cui

317 4861 407 4914 iuerat
419 4862 568 4917 destinatus
584 4881 589 4916 :
604 4874 629 4916 et
643 4872 745 4929 roeteru,
758 4876 785 4917 nt
799 4866 827 4916 iii
840 4866 959 4933 epistola,
976 4884 1055 4936 iisque
1071 4868 1105 4919 io

317 4928 407 4984 Caroli
420 4929 519 4983 donum
533 4933 559 4985 iu
571 4940 740 5001 perpetuum.
756 4935 838 5003 igitur
848 4949 911 5001 ergo
923 4937 1026 5005 integra
1041 4937 1104 5001 tide,

316 5009 345 5053 et
357 4999 462 5052 sincera
477 5007 578 5063 mente,
592 5002 740 5070 devotaque
755 5003 907 5066 roluutate,
923 5013 951 5057 ιιι
972 5007 1057 5058 termo
1071 5006 1105 5058 sit

318 5069 464 5132 secretior,
479 5077 506 5122 et
521 5067 616 5122 litterae
629 5069 810 5133 clandestinae,
833 5070 950 5138 nullique
975 5072 1025 5126 uisi
1043 5074 1105 5126 iidc-

316 5138 428 5195 lissimis
450 5135 627 5207 publicandae,
652 5138 729 5192 robis
750 5139 908 5192 contuemur
932 5140 1102 5208 deroreude,

317 5219 345 5263 ct
358 5209 523 5264 notescimus
536 5205 703 5271 affirmando,
725 5208 798 5261 satra
812 5207 940 5263 tidelitate
959 5211 1104 5280 imperato·

1175 2039 1252 2105 sitinii
1268 2026 1422 2106 (laureantia
1439 2030 1615 2100 reicruirtiir,
1631 2048 1668 2091 ut
1685 2039 1862 2101 incredibilia
1875 2052 1904 2104 ab
1916 2053 1968 2106 ‘rio-

1175 2095 1297 2149 rautihus
1320 2095 1469 2179 rideantur.
1487 2100 1543 2156 Sed
1560 2105 1597 2159 de
1620 2107 1671 2161 liis
1687 2111 1764 2165 nihil
1786 2119 1909 2175 audemus
1918 2125 1968 2189 iudi

1174 2177 1247 2226 carc,
1261 2169 1331 2232 quod
1346 2168 1429 2247 possit
1443 2169 1555 2227 hicceiie
1570 2178 1724 2244 coin-ilio,
1744 2193 1774 2236 et
1789 2189 1967 2256 quinquenne

1174 2248 1266 2286 rorum
1277 2236 1451 2291 conciliorum
1464 2243 1580 2309 regulis,
1592 2246 1638 2300 rel
1652 2248 1786 2308 decretis
1794 2241 1967 2316 uostroiimiar}

1175 2310 1337 2357 iecessoiiuu
1350 2307 1469 2361 ebriare.
1483 2310 1520 2363 At
1532 2313 1570 2366 de
1588 2316 1635 2370 his
1652 2322 1737 2385 quod
1758 2326 1862 2390 prelati
1879 2346 1966 2386 cornio

1173 2381 1199 2425 et
1210 2373 1486 2453 ‹tcerctadecemuiit,
1499 2381 1615 2449 ipsique
1627 2403 1701 2441 ciiiii
1716 2391 1787 2459 ipsis
1798 2411 1849 2449 uua
1861 2401 1964 2455 schisma

1173 2453 1394 2512 coiigrcgaticum
1404 2457 1497 2502 nostro
1508 2453 1615 2519 spiritu
1625 2458 1772 2516 similiter
1782 2467 1965 2529 deceruimustt

1172 2515 1243 2578 quod
1265 2522 1396 2599 statuunt,
1415 2520 1581 2588 statuimus;
1596 2534 1627 2579 et
1642 2533 1728 2596 quod
1746 2533 1964 2608 jmticaut,ju·liri·

1172 2596 1243 2661 mus.
1250 2581 1337 2636 licem
1346 2583 1573 2645 ulloderiaiitcsu
1584 2603 1694 2653 tenore
1703 2608 1844 2660 canonico
1860 2600 1964 2664 senates

1171 2650 1296 2705 omuibus
1309 2668 1356 2732 sua
1368 2654 1428 2723 jura
1444 2663 1696 2733 metropolitanis,
1714 2681 1745 2725 et
1759 2685 1790 2727 iit
1804 2650 1888 2733 iei'ts
1899 2653 1964 2746 loque

1172 2735 1231 2799 iiiiii
1244 2721 1314 2800 heiti
1326 2738 1399 2803 papae
1413 2725 1512 2808 Leonis
1522 2732 1618 2800 (episi.
1634 2738 1648 2790 l
1674 2740 1717 2791 nd
1728 2747 1865 2815 episcopos
1878 2748 1962 2803 iiiiii:

1170 2788 1353 2855 dliiereuiin,
1372 2805 1480 2874 ¹inquit,
1506 2802 1594 2857 iiohis
1618 2806 1801 2867 commissos
1828 2832 1911 2887 regere
1928 2806 1961 2872 iiii

1170 2873 1324 2926 possumus,
1351 2877 1402 2916 uisi
1427 2866 1475 2920 lius
1502 2871 1637 2936 quisunt
1658 2883 1828 2946 perditores
1849 2901 1875 2940 ct
1895 2891 1962 2956 pred

1170 2944 1366 3007 persequamur
1377 2933 1434 3012 nelo
1450 2935 1608 2995 homiuicar
1629 2945 1703 3003 tutet
1719 2990 1727 3013 ,
1753 2965 1782 3006 et
1798 2969 1813 3006 a
1832 2959 1898 3012 sanis
1910 2975 1962 3011 ntra·

1171 2999 1258 3061 tibus,
1282 3013 1316 3052 ne
1336 3010 1418 3068 pestis
1441 3005 1499 3060 hece
1522 3007 1615 3066 latius
1637 3016 1829 3090 divulgetur,
1852 3029 1962 3081 sci'eritie

1169 3081 1221 3134 qua
1237 3083 1380 3136 pessimius
1394 3072 1605 3152 abscindamus,
1623 3094 1656 3138 et
1676 3104 1747 3157 qum
1760 3094 1833 3149 male
1849 3098 1963 3166 pullulare.

1170 3145 1327 3202 noscuntur,
1346 3141 1473 3222 radicitus
1486 3149 1674 3220 crellautiir,
1691 3170 1725 3212 et
1740 3178 1861 3219 messem
1875 3145 1962 3221 ltoii'ioi

1169 3221 1229 3288 eam
1254 3207 1324 3288 uuila
1352 3213 1456 3266 zizania
1479 3230 1675 3291 corrumpant
1704 3229 1804 3299 (episi.
1833 3237 1961 3305 lepinoai

1167 3275 1343 3356 corripimur).
1370 3280 1406 3333 lta
1431 3285 1503 3338 euim
1527 3286 1661 3347 iructiim
1695 3301 1817 3357 ulicrciii
1842 3321 1896 3374 qim
1919 3273 1960 3361 sin

1166 3359 1272 3399 sincera
1284 3349 1458 3430 praestabunt,
1470 3354 1492 3408 si
1504 3369 1536 3409 ea
1546 3373 1614 3426 qnae
1623 3373 1731 3420 iratum
1745 3385 1866 3426 serreteui
1876 3392 1960 3430 circini

1166 3425 1346 3496 consuerunt,
1362 3419 1517 3499 diligentius
1541 3441 1755 3500 amputentur.
1778 3415 1839 3497 *Sed
1853 3447 1908 3514 quia
1925 3463 1958 3498 iiii

1165 3495 1232 3538 satis
1262 3485 1356 3568 idonea
1377 3491 1501 3546 ridentur
1520 3504 1550 3550 et
1584 3514 1707 3560 unitura
1741 3516 1857 3576 uostris,
1876 3517 1957 3568 ethei

1165 3563 1266 3633 sancite
1297 3557 1351 3611 sedi
1385 3563 1532 3641 condigna,
1569 3569 1667 3627 donce
1705 3580 1742 3630 ad
1776 3583 1848 3636 hauc
1876 3587 1956 3638 saut-ii»

1164 3638 1260 3699 simam
1287 3632 1315 3677 ct
1343 3629 1537 3696 apostolicam,
1572 3653 1663 3706 qnam
1693 3650 1870 3715 appellarit,
1893 3657 1954 3707 sebo

1164 3700 1280 3770 spatium
1296 3694 1394 3771 habeat
1409 3701 1533 3755 i‘ciiiendi
1556 3722 1563 3757 :
1589 3709 1659 3764 ideo
1684 3719 1785 3772 rcuiat
1832 3733 1857 3775 ct
1871 3725 1954 3776 ostensa

1164 3761 1214 3813 sibi
1229 3759 1338 3825 litteris,
1354 3778 1420 3830 quas
1434 3768 1511 3822 nubis
1528 3774 1665 3837 misistis,
1685 3794 1718 3837 et
1731 3761 1828 3842 libello
1838 3768 1953 3845 coritiueii

1163 3829 1260 3882 scriem
1276 3833 1382 3898 synodi,
1399 3832 1516 3891 libellulo
1529 3842 1621 3897 etiam
1641 3849 1719 3906 cleri
1735 3864 1765 3909 et
1780 3860 1866 3924 piebis
1877 3862 1953 3915 liudo

1163 3897 1256 3950 nensis
1275 3899 1530 3972 proclamationem,
1549 3911 1682 3972 afferens
1706 3931 1735 3976 te
1751 3924 1852 3994 injuste
1870 3933 1952 3984 dimm-

1163 3975 1236 4020 tnm:
1252 3969 1422 4049 tiiuctclcctis
1434 3971 1588 4044 judieilinS,
1606 3999 1669 4040 ιιοιι
1696 4002 1795 4061 tamen
1817 4014 1849 4051 ce
1862 4002 1951 4067 primii

1163 4037 1246 4106 gradu
1263 4048 1396 4103 restituto,
1408 4053 1454 4095 aut
1468 4059 1499 4099 er
1517 4046 1607 4106 latere
1621 4068 1732 4114 nostru
1743 4065 1857 4121 directis
1870 4070 1950 4125 leontis.

1163 4119 1224 4159 cuni
1240 4109 1400 4188 austeritate
1413 4121 1504 4168 nostra
1522 4119 1707 4180 refricentur
1730 4148 1796 4200 queo
1809 4149 1879 4205 gesti
1892 4130 1949 4199 soii,

1162 4183 1189 4229 et
1202 4185 1307 4243 negotia
1320 4194 1345 4231 ιιι
1360 4195 1411 4249 qua
1423 4193 1480 4237 orta
1493 4197 1557 4241 simt
1569 4196 1725 4257 provincia
1741 4209 1872 4262 canonice
1883 4209 1949 4263 terni·

1161 4253 1271 4325 nentur.
1287 4244 1363 4310 Quod
1387 4251 1409 4331 si
1425 4254 1516 4309 reuirc
1527 4256 1760 4336 detrectaverit,
1784 4276 1881 4331 clareat
1897 4278 1947 4346 quid

1162 4315 1233 4368 idem
1246 4330 1302 4384 ipse
1317 4317 1420 4401 dederit
1432 4320 1518 4378 locum
1532 4327 1736 4394 damnationis
1747 4343 1776 4396 iu
1788 4348 1945 4416 scuictipnii.

1161 4398 1211 4437 uec
1225 4399 1301 4439 sacci
1314 4389 1382 4469 ordo
1394 4390 1540 4448 differendo
1557 4414 1673 4457 moram
1690 4413 1818 4475 patimur
1832 4418 1870 4470 ret
1884 4418 1945 4469 dein·

1161 4462 1291 4533 trientum.
1308 4455 1428 4521 Qualiter
1440 4472 1541 4528 autem,
1554 4480 1603 4523 aut
1621 4482 1787 4545 quomodo,
1803 4486 1842 4538 ret
1864 4488 1944 4555 quande

1122 4520 1260 4587 Dreumt,
1277 4525 1319 4577 rel
1334 4527 1492 4607 adducatur,
1506 4550 1553 4589 seu
1568 4539 1686 4597 interim
1703 4554 1874 4608 custodiatur
1894 4570 1943 4622 prr·

1160 4590 1214 4672 lato
1226 4594 1356 4676 eoiiiiutri
1368 4610 1460 4679 nestro
1469 4610 1608 4663 communi
1622 4610 1722 4681 legato
1732 4621 1853 4677 :letardo
1864 4597 1940 4678 irride

1160 4676 1270 4742 piscope
1289 4666 1374 4747 rubis
1385 4684 1411 4721 iii
1427 4673 1561 4746 mandatis
1581 4688 1609 4732 et
1625 4683 1684 4737 alia
1706 4688 1876 4746 clandestina
1891 4709 1941 4746 tois

1161 4746 1283 4812 misuuus
1296 4736 1510 4814 ‘muiniestaudau
1529 4745 1669 4805 Sanctum
1687 4763 1874 4824 apostolorum
1889 4761 1939 4816 Petii'

1159 4808 1186 4854 et
1199 4799 1279 4882 Pauli¹
1295 4809 1495 4888 intercessione,
1518 4825 1673 4887 nosti-aque
1698 4832 1905 4897 supplicatione,
1922 4841 1938 4882 tt

1159 4885 1208 4940 pro
1223 4871 1317 4951 otiliae
1329 4876 1416 4956 'uehis
1430 4895 1444 4932 a
1460 4881 1513 4935 ileo
1530 4887 1649 4954 collato,
1675 4894 1889 4955 benedictionem
1900 4916 1938 4954 or

1159 4954 1287 5021 reanum,
1311 4954 1379 5026 ritae
1395 4952 1534 5029 praesentis
1557 4964 1781 5025 prosperitatem
1818 4971 1938 5024 reclamet

1158 5011 1325 5090 imperialem
1354 5016 1530 5098 arpinatem,
1559 5038 1750 5102 uestramque
1778 5013 1806 5090 εἰ
1833 5014 1936 5094 imminu

1159 5093 1278 5158 ouiiiiuni
1293 5097 1508 5164 communionem
1533 5101 1561 5145 et
1576 5098 1765 5167 societatem,
1791 5120 1936 5175 peccatorum

1158 5161 1278 5202 otiniiuui
1303 5156 1504 5223 reuussiuuein,
1527 5170 1554 5215 et
1577 5174 1696 5224 aeterua:
1711 5174 1777 5229 rico
1796 5177 1934 5247 gloriosissi·

1158 5231 1229 5271 mam
1241 5225 1444 5281 resurrectionis
1456 5225 1625 5288 felicitatem.
1641 5238 1745 5296 dinen.

326 5294 1916 5473 W

470 5475 625 5527 Joidhss
642 5476 771 5526 scortis
789 5478 946 5528 triticeus.

317 5532 503 5588 hommum.
521 5561 552 5573 -
567 5536 604 5586 De
615 5538 707 5588 detinni
720 5541 798 5588 Scire
815 5540 919 5588 linietur
933 5542 1102 5596 Ceunsirrirm

585 5612 692 5649 iucrour
710 5615 829 5652 murino.

277 5702 281 5713 ,
350 5657 413 5709 Ραιι
423 5661 497 5718 prior.
509 5683 539 5694 -
549 5658 605 5707 Cir.
618 5663 638 5709 i.
655 5687 685 5697 -
698 5659 743 5711 tbi
756 5669 781 5711 ct
791 5663 886 5724 quando
897 5671 968 5715 nitus
979 5669 1010 5717 sit
1028 5667 1100 5717 toan-

316 5720 582 5779 ueisootussiigeoa.
1087 5731 1102 5778 ι

349 5775 404 5829 Cir.
414 5778 444 5829 ti.
454 5804 484 5816 -
495 5783 564 5840 eoae
576 5782 601 5834 tii
614 5779 707 5838 tornae
719 5785 791 5838 scoto
808 5785 899 5841 tuerint
912 5789 1016 5843 eruditio
1028 5797 1101 5855 atque

1154 5486 1252 5536 litterae
1265 5491 1363 5539 etuude
1376 5505 1417 5544 eas
1427 5499 1576 5558 perceperit.

1154 5549 1297 5658 affluite

1311 5576 1341 5587 -
1353 5555 1421 5612 puae
1438 5559 1512 5607 tuerit
1532 5559 1602 5612 Seoti
1625 5569 1740 5623 conditio
1762 5576 1827 5638 apud
1845 5515 1933 5661 tiulfi

1186 5672 1240 5722 Cir.
1256 5673 1337 5748 ¹V·..“
1349 5676 1416 5734 Quae
1436 5683 1543 5738 gesserit
1556 5683 1669 5743 Erigeua
1684 5693 1709 5741 hi
1723 5694 1772 5744 illis
1783 5634 1931 5748 rictiovari

1156 5741 1336 5795 coiitierersns,
1353 5750 1454 5798 quarum
1467 5747 1591 5805 particeps
1599 5749 1658 5800 tuit.
1863 5735 1875 5759 ο
1908 5758 1928 5788 ⁰⁴

1186 5793 1240 5845 Car·
1252 5796 1280 5850 ll.
1289 5823 1317 5834 -
1329 5798 1387 5851 Cum
1397 5799 1427 5852 dc
1439 5802 1491 5854 altis
1499 5807 1650 5863 uuibasdmi
1660 5817 1813 5873 rebusume
1825 5788 1929 5872 irretirer⁴
