3984 6534
181 474 237 532 rso
430 445 433 449 ’
865 469 1126 529 tunnntsseort
1371 448 1393 486 ⁷⁶
1639 442 1680 457 ”
1765 457 1813 516 att

184 601 242 646 tum
256 595 381 660 penetrat
389 594 471 658 atque
482 585 606 644 caleticat
615 583 687 640 laelii
701 584 867 656 operatione,
879 587 976 643 deinde
989 593 1014 651 Α
1026 583 1242 658 explanationem
1254 581 1360 638 divinae
1372 577 1479 638 virtutis
1488 588 1516 636 et
1526 572 1746 633 illuminationis.
1761 575 1815 643 Est,

182 678 409 753 percalefactum
433 693 497 736 aera
519 676 773 749 aquamfrigidam,
795 685 842 732 aut
860 676 975 734 altemm
1028 675 1132 746 inquit,
1146 688 1290 730 commune
1312 683 1340 728 et
1362 669 1514 726 universale
1533 666 1640 724 cunetis
1660 663 1817 722 illuminatis

184 771 332 842 quippiam,
347 770 418 846 quod
433 785 486 825 non
508 768 588 826 laeile
609 775 698 839 potest
715 767 843 833 calefieri,
857 769 975 824 naturali
1028 767 1070 824 vel
1078 766 1452 833 illuminandis-utrumque
1461 761 1531 817 enim
1540 764 1632 829 potest
1639 754 1818 813 translerriab

183 864 372 922 convenientia
385 863 519 922 caledoat.
532 862 616 917 Plana
633 869 707 929 sunt,
718 875 787 930 qnae
804 871 952 932 sequuntur
966 878 975 919 ι
1028 874 1071 924 eo,
1084 859 1156 930 quod
1171 867 1212 913 est
1225 859 1408 932 φευξομένοις
1417 885 1452 894 -
1462 848 1625 924 principium
1638 848 1817 904 illuminandi.

85 1028 88 1033 Ι
183 958 267 1013 lueto
284 959 353 1013 bane
372 957 455 1029 igitar
487 954 662 1011 ordinationis
683 955 810 1009 rationem
826 954 852 1020 ¹,
871 954 897 1009 id
918 963 975 1024 εει,
1028 949 1062 1004 Et
1076 949 1148 1019 quod
1168 957 1210 1004 est
1230 942 1571 1017 ittudprtnotptnrntbeuu
1589 940 1703 1012 quidem
1718 949 1818 1005 nutum,

182 1047 261 1118 juxta
275 1046 482 1105 similitudinem
503 1044 572 1101 lucis
592 1053 621 1100 et
638 1045 752 1111 caloris,
770 1046 977 1117 supernaturalis
1029 1052 1053 1096 et
1072 1057 1138 1106 aere,
1153 1049 1176 1094 et
1199 1040 1311 1109 proprie,
1331 1048 1360 1093 ut
1374 1036 1398 1070 ¹¹
1412 1036 1518 1090 luminis
1539 1033 1673 1100 essentia,
1696 1040 1724 1087 et
1745 1031 1820 1104 ipsias

183 1138 241 1207 ipsu
255 1136 339 1192 omnis
353 1135 414 1191 inni
424 1134 436 1166 ¹
445 1143 554 1189 amotus
575 1132 683 1188 risibilis
695 1144 719 1188 et
730 1133 865 1188 inuisibilis
878 1135 979 1189 taxiar-
1028 1149 1084 1187 esse
1092 1140 1115 1185 et
1126 1131 1211 1186 uidere
1220 1128 1337 1183 eonsules
1347 1127 1380 1180 ¹¹.
1393 1126 1464 1181 beas
1473 1125 1545 1181 enirn
1556 1122 1632 1179 solus
1644 1129 1747 1178 natura
1757 1121 1822 1179 bur

184 1224 255 1291 elta,
270 1224 361 1281 divina
374 1223 480 1280 seilicet
492 1222 591 1289 virtus,
606 1237 677 1292 quae
691 1223 773 1279 totins
785 1224 889 1279 ordinis
903 1225 978 1294 prin·
1029 1231 1082 1287 εει,
1096 1230 1124 1279 ει
1137 1221 1210 1277 solus
1223 1234 1286 1276 vere
1300 1227 1327 1274 et
1340 1217 1449 1290 proprie
1470 1215 1543 1271 Deus
1561 1223 1616 1272 est.
1632 1213 1726 1270 Ceteri
1743 1214 1820 1281 enin,

185 1314 286 1386 elplum
310 1319 353 1369 est
370 1319 399 1368 et
419 1313 560 1383 pdnaeps,
575 1327 705 1382 congruae
719 1311 937 1378 delucidationis,
951 1312 979 1367 id
1029 1313 1076 1384 qui
1091 1312 1217 1368 dicuntur
1229 1311 1276 1376 dii,
1298 1317 1345 1364 aut
1356 1307 1417 1364 lalsi
1428 1316 1506 1373 sunt,
1520 1314 1551 1361 ut
1564 1304 1602 1361 dil
1618 1304 1755 1376 gentium,
1765 1303 1821 1359 dae

185 1413 229 1460 eet
251 1402 463 1474 proportionalis
486 1402 700 1470 illuminationis,
725 1402 872 1458 claritatem
895 1404 979 1473 primo
1030 1419 1134 1472 mones,
1148 1413 1196 1460 aut
1209 1404 1233 1458 si
1254 1403 1311 1458 veri
1329 1411 1407 1467 sunt,
1428 1415 1480 1456 non
1494 1414 1544 1471 per
1559 1406 1702 1463 naturam,
1719 1397 1764 1453 sed
1776 1409 1821 1468 per

189 1502 368 1563 apparentem,
381 1493 415 1549 ab
429 1492 542 1550 occultis
554 1492 682 1550 videlicet
693 1494 759 1559 suis,
780 1495 806 1549 in
819 1493 917 1566 quilius
931 1509 981 1564 per
1031 1494 1145 1568 gratiam
1161 1493 1198 1548 dii
1213 1500 1275 1548 sunt
1289 1492 1328 1557 ¹¹,
1343 1491 1440 1561 quibus
1459 1504 1509 1559 per
1523 1487 1691 1561 proplietam
1707 1485 1820 1542 dicitur:

185 1598 215 1640 ss
236 1582 323 1653 ipsam
338 1583 532 1641 inaccessibilis
555 1593 614 1651 est,
634 1595 820 1658 erumpentem
842 1586 870 1642 iu
889 1600 980 1642 rerum
1034 1602 1043 1635 a
1061 1583 1117 1654 Ego
1137 1581 1205 1648 diui,
1219 1581 1256 1637 dil
1278 1582 1359 1648 estis,
1376 1591 1403 1638 et
1414 1579 1462 1635 tllii
1472 1578 1572 1636 excelsi
1588 1591 1689 1635 omues
1704 1598 1729 1632 r.
1741 1575 1776 1634 ttt
1788 1575 1824 1631 lu·

184 1681 328 1742 naturam,
345 1676 546 1747 copiosissimis,
568 1677 620 1734 boe
631 1687 689 1745 est,
705 1687 835 1749 quantum
848 1680 876 1737 in
889 1681 981 1749 eopio-
1032 1673 1113 1728 minis
1123 1674 1251 1740 essentia,
1262 1682 1291 1727 et
1302 1672 1387 1743 ipsius
1396 1686 1458 1728 esse
1468 1670 1604 1737 causalis;
1623 1677 1674 1725 rut
1685 1668 1823 1725 s‘iuboe

184 1766 301 1825 sissimis
315 1768 505 1839 effusionibus,
518 1769 717 1836 excelsissimis,
738 1772 869 1842 proximis
889 1771 979 1842 piane,
1032 1765 1092 1822 loeo
1103 1767 1246 1839 apponitur
1259 1780 1308 1837 pro
1323 1764 1345 1797 ¹¹
1356 1764 1458 1821 causati
1473 1762 1680 1833 coniunctium
1695 1763 1766 1820 acsi
1783 1761 1824 1818 di·

180 1858 336 1928 munifestut
357 1860 492 1927 essentiis,
517 1870 542 1916 et
556 1879 602 1932 per
615 1879 670 1927 eus,
682 1879 749 1934 ptrue
767 1872 824 1932 post
837 1871 899 1918 sunt
914 1861 925 1895 ⁸
942 1879 982 1916 es·
1034 1868 1107 1915 seret
1126 1859 1227 1924 :Deus
1248 1857 1295 1927 qni
1307 1855 1380 1912 solus
1398 1865 1496 1911 natura
1508 1856 1580 1911 Deus
1594 1833 1824 1924 eomitissa

183 1948 293 2013 sentiae,
311 1947 429 2004 diuinum
452 1947 641 2020 ¹participant
666 1951 780 2006 radium.
806 1950 891 2006 Eae¹
912 1951 981 2004 enim
995 1944 1019 2005 B
1033 1952 1172 2025 gnoscitur
1194 1949 1351 2006 illuminatis
1373 1947 1535 2018 principium
1557 1947 1733 2003 illuminandi
1755 1960 1822 2012 este,

184 2035 286 2107 primae
300 2047 481 2107 cognoscentes
496 2038 596 2105 Deum,
612 2050 636 2095 et
651 2041 767 2096 diuinam
784 2041 980 2112 supereminen-
1033 2044 1095 2116 qnia
1110 2043 1221 2098 luminis
1241 2042 1361 2099 essentia
1381 2048 1432 2097 est.
1447 2039 1477 2094 lu
1489 2039 1549 2110 ipso
1564 2038 1640 2095 enim
1654 2046 1685 2095 et
1699 2054 1780 2095 omne
1791 2038 1823 2092 tu·

184 2126 244 2183 ter·
258 2128 436 2185 desideranter
449 2129 580 2197 uirtutem,
593 2139 618 2186 et
640 2134 861 2203 praeoperatrices
875 2132 886 2164 ¹
911 2133 982 2202 fieri,
1033 2149 1094 2189 men
1118 2148 1251 2204 omneque
1265 2133 1288 2165 ⁸⁹
1303 2130 1482 2188 illuminatum
1501 2130 1645 2197 subsistit,
1660 2131 1823 2202 quoniamst

183 2229 311 2290 querutum
345 2220 467 2293 poertntte
497 2223 520 2288 ⁸,
544 2222 600 2277 beo
626 2225 638 2257 ⁹
670 2221 752 2279 simitu
786 2224 879 2278 uirtute
905 2225 926 2255 ¹¹
958 2232 983 2278 et
1033 2228 1117 2299 ipsius
1130 2226 1246 2283 essentia
1262 2226 1308 2283 lux
1320 2233 1372 2292 εει,
1384 2234 1412 2281 ει
1425 2226 1511 2296 ipsius
1524 2239 1585 2283 esse
1598 2238 1696 2280 causa.
1710 2219 1822 2279 0mne¹¹

184 2314 287 2368 actione
301 2312 322 2344 ¹¹
338 2312 433 2384 dignae
456 2314 563 2383 effectae
576 2322 637 2367 sunt
654 2314 691 2380 ¹¹,
707 2323 731 2369 et
748 2323 807 2385 post
824 2332 852 2370 se
864 2315 885 2347 ¹¹
898 2332 985 2370 essen·
1023 2319 1178 2390 siquidem,
1199 2318 1270 2388 quad
1284 2324 1342 2383 est,
1355 2331 1408 2371 non
1431 2315 1539 2371 aliunde
1551 2314 1577 2370 el
1589 2329 1653 2371 esse
1667 2321 1723 2382 est,
1736 2314 1786 2369 uisi
1796 2313 1822 2369 ab

186 2402 238 2455 tias
261 2402 332 2471 ipsae
352 2403 386 2457 ud
410 2402 522 2456 similem
544 2403 675 2470 uirtutem,
701 2413 729 2457 ut
748 2404 842 2469 uirtus,
863 2404 915 2460 boo
930 2412 982 2472 εει,
1033 2424 1077 2476 eo,
1092 2410 1139 2481 qui
1162 2408 1396 2479 superessentialis
1416 2415 1458 2464 est
1472 2408 1506 2475 ⁸¹,
1521 2417 1550 2463 et
1563 2406 1685 2463 musula
1699 2405 1823 2477 ipsiusri·

185 2498 319 2562 quantum
337 2491 424 2547 virtus
437 2492 648 2564 uniuscujusque
662 2493 799 2549 essetttiae
813 2493 895 2548 divini
914 2492 982 2548 radii
1034 2501 1107 2556 dore.
1122 2498 1257 2554 infinitiva
1268 2497 1291 2532 ¹⁸
1304 2498 1364 2554 loon
1378 2498 1518 2553 nominum
1528 2496 1632 2568 posuit.
1647 2495 1704 2555 usi
1725 2494 1822 2569 punire

187 2596 273 2655 capax
288 2590 340 2650 εει,
362 2583 525 2653 deiformiter
538 2583 696 2650 extendunt,
713 2586 815 2654 copiose
837 2584 901 2655 ipsis
925 2594 983 2639 tru·
1034 2592 1114 2648 datur
1136 2590 1260 2662 intelligi,
1281 2591 1355 2660 quod
1375 2603 1429 2645 non
1452 2588 1526 2644 aliud
1551 2595 1638 2644 estet
1657 2586 1714 2661 ipsi
1738 2586 1823 2644 burt

187 2676 277 2733 dentes
294 2693 328 2733 ea
347 2677 584 2747 supervenientem
597 2693 642 2732 eus
663 2676 799 2742 ctoritate,
818 2685 842 2732 et
861 2675 923 2731 illae
937 2676 985 2731 ite·
1034 2683 1109 2738 omni
1134 2678 1258 2736 rationali
1281 2688 1309 2736 et
1333 2676 1507 2736 intellectuali
1530 2686 1679 2736 creaturae
1704 2685 1822 2745 ease,et

186 2783 257 2833 runt,
273 2767 300 2823 id
310 2776 362 2833 est,
374 2782 445 2838 quae
457 2775 518 2837 post
531 2768 554 2801 ¹¹
568 2767 768 2825 excelsissimas
778 2769 911 2825 essentias
922 2783 984 2824 eon·
1035 2773 1108 2829 aliud
1130 2771 1174 2826 lux
1190 2785 1259 2835 esse,
1274 2779 1302 2826 et
1324 2769 1396 2826 aliud
1410 2771 1513 2835 ridere,
1533 2769 1588 2826 boc
1608 2778 1667 2837 εει,
1682 2768 1823 2841 intelligere

187 2857 298 2914 stitutae
316 2866 388 2922 sunt,
404 2857 527 2929 subiectis
547 2859 607 2926 sibi,
619 2860 855 2932 supervenientem
874 2860 984 2916 tradunt
1034 2863 1156 2937 gnostica
1173 2866 1285 2918 uirtute.
1308 2859 1337 2917 ld
1359 2861 1448 2932 ipsum
1466 2861 1557 2931 itaque
1579 2859 1649 2931 ipsis
1666 2864 1785 2916 estime
1799 2863 1824 2912 et

187 2947 350 3018 claritatem,
371 2959 397 3006 et
417 2966 464 3021 per
486 2949 603 3022 singulus
619 2953 705 3023 primu
724 2951 758 3018 ei,
780 2960 898 3023 quaeest
924 2959 982 3021 post
1035 2954 1126 3010 lucere
1141 2960 1168 3008 et
1178 2953 1280 3008 ridere.
1299 2951 1447 3007 Esseenim
1460 2949 1697 3022 ipsorumluxest
1713 2948 1822 3007 etvisio.

188 3058 257 3109 eam,
280 3043 372 3097 trudit.
388 3040 470 3098 Verbi
494 3043 582 3113 gratia
606 3043 693 3115 prima
711 3043 846 3099 ierarchia
866 3042 980 3108 mediae,
1036 3044 1094 3099 lloe
1111 3043 1237 3113 deiforme
1258 3052 1282 3097 et
1303 3041 1360 3097 Iteo
1376 3040 1461 3096 simite
1473 3049 1620 3112 pensaret,
1637 3041 1712 3112 quod
1726 3038 1824 3113 proprie

189 3133 279 3187 media
300 3108 650 3203 tertiaeffleriia‘iqirartae,
666 3149 736 3204 quae
760 3143 803 3189 est
822 3134 850 3188 in
866 3132 984 3188 bomini·
1036 3132 1286 3190 transferturtbec
1300 3132 1469 3196 deiformiter
1490 3140 1519 3186 et
1543 3131 1599 3188 Deo
1622 3130 1751 3188 similiter
1767 3145 1826 3188 con·

189 3220 253 3285 bus,
267 3219 373 3274 divinas
384 3221 478 3277 tribuit
492 3221 711 3277 illuminationes.
724 3221 845 3276 Tertium
859 3222 984 3291 sequitur
1035 3226 1167 3290 stituens;
1190 3224 1247 3295 ipse
1267 3222 1393 3278 videlieet
1405 3218 1451 3294 qui
1474 3223 1591 3280 causalis
1602 3221 1630 3257 ⁸⁸
1643 3222 1767 3282 omnium
1781 3232 1826 3280 est.

190 3313 350 3384 paradigma
365 3326 372 3367 ε
386 3312 450 3383 lpsu
465 3330 535 3385 uquu
555 3328 641 3369 nonne
658 3322 683 3368 et
696 3314 725 3367 in
739 3328 828 3368 omnes
838 3294 1021 3385 proportio-C
1036 3316 1070 3373 lit
1081 3316 1146 3386 quid
1158 3324 1199 3371 est
1219 3315 1301 3370 illud?
1315 3314 1488 3385 Superposita
1501 3315 1527 3371 ei
1538 3322 1595 3387 post
1608 3330 1640 3372 se
1660 3329 1827 3389 snaqmeqat

191 3403 288 3459 naliter
306 3406 442 3475 peruenit?
455 3405 662 3491 Aereret
680 3404 801 3462 :Nonne
820 3405 880 3477 ipsa
903 3421 983 3477 aqua,
1035 3409 1124 3465 diuina
1138 3407 1238 3463 turnino
1250 3406 1367 3479 perse¹⁸
1381 3409 1410 3477 in
1422 3406 1496 3462 ittam
1515 3407 1694 3465 transvehere.
1712 3406 1825 3473 ttoest,

191 3495 419 3564 quemadmodum
434 3504 462 3552 ct
476 3495 575 3553 solaris
597 3495 699 3563 radius,
712 3504 741 3553 et
759 3496 882 3554 caliditas
904 3499 984 3568 ignis,
1036 3499 1151 3556 causalis
1171 3499 1292 3554 omnium
1315 3499 1474 3568 constituit,
1492 3508 1524 3556 ut
1552 3501 1731 3573 superposita
1754 3514 1825 3574 quae·

191 3587 431 3658 proportionaliter
448 3588 476 3644 in
493 3604 589 3646 omnes
602 3591 725 3660 pervertit
745 3590 892 3647 materias?
909 3589 987 3647 llune
1037 3602 1143 3657 cunque
1169 3588 1286 3643 essentia
1321 3589 1496 3661 subsequenti
1521 3604 1552 3646 se
1575 3591 1717 3648 essentiae
1744 3591 1823 3648 diviua

192 3678 281 3736 issum
297 3689 408 3751 pmpter
428 3680 621 3753 intelligentiae
638 3680 794 3738 facilitatem
813 3681 852 3736 ita
868 3690 987 3738 transtu·
1036 3676 1138 3732 lumina
1168 3691 1216 3749 per
1246 3691 1276 3732 se
1309 3677 1337 3732 in
1365 3677 1388 3710 ⁸¹
1421 3677 1494 3733 illam
1523 3680 1685 3737 transiebat
1715 3681 1759 3738 vel
1788 3695 1824 3737 su·

191 3773 283 3829 lignus.
299 3771 391 3830 Potest
406 3782 494 3831 tamen
504 3772 703 3847 plusexpresse
716 3774 750 3841 ¹⁸,
766 3775 890 3845 quamuis
905 3774 987 3831 ιὀὴ-
1036 3766 1175 3838 periebat.
1203 3766 1420 3842 Ὲποχιτιῦισθαι
1447 3769 1470 3804 ”
1498 3771 1572 3826 enim
1601 3780 1631 3828 et
1656 3774 1824 3832 transvehere

192 3866 325 3932 strusius,
349 3865 538 3936 interpretari,
562 3866 590 3920 in
613 3867 709 3921 eodem
732 3864 856 3935 proiecto
881 3879 984 3921 sensu:
1037 3873 1099 3927 θοι,
1116 3860 1303 3930 supervehere,
1320 3870 1348 3917 tl
1370 3863 1499 3920 inlebete
1525 3874 1615 3937 potest
1645 3866 1822 3941 interpretari.

194 3969 265 4024 aqua
287 3970 341 4011 nou
361 3955 469 4026 quidem
484 3963 590 4027 ergoet
611 3956 673 4010 in¹¹
689 3955 818 4012 omnes¹¹
835 3955 988 4025 proportio·
1038 3955 1111 4027 Ergo
1130 3955 1372 4011 excellentissimum
1404 3955 1553 4014 caelestium
1588 3958 1744 4018 emmeram
1780 3959 1824 4016 dis·

195 4046 295 4103 nabter
307 4046 466 4116 perveniens
479 4048 518 4103 ”l
532 4047 782 4119 Tanquamdieeret
798 4064 805 4101 z
821 4046 916 4104 Nonne
929 4046 988 4118 qui·
1037 4049 1190 4120 positionem
1213 4047 1292 4102 simui
1314 4048 1431 4103 omnium
1456 4048 1615 4122 reliquarum
1647 4051 1672 4086 ⁸⁸
1696 4054 1824 4117 essentiae

195 4140 257 4197 dem
278 4154 343 4211 ergo
357 4156 427 4212 aqua
447 4151 474 4196 et
496 4141 526 4197 in
547 4156 641 4198 omnes
668 4143 796 4199 materias
818 4141 988 4198 distribuitur
1037 4138 1180 4194 seeundum
1193 4139 1263 4210 quod
1281 4155 1438 4211 consequens
1453 4151 1492 4196 ese
1503 4150 1561 4212 post
1574 4138 1660 4199 Deum
1675 4144 1825 4216 principiam

194 4232 430 4304 proportionaliter
451 4235 611 4306 perveniens
624 4236 659 4302 ⁸⁰,
675 4233 728 4290 boe
742 4243 804 4301 εει,
822 4234 990 4291 oomationa·
1039 4234 1179 4299 miramur,
1195 4233 1279 4288 omnir
1294 4249 1387 4288 saerue
1400 4244 1424 4289 et
1435 4233 1540 4290 diuinae
1553 4235 1678 4291 scientim
1688 4244 1717 4290 st
1728 4236 1827 4290 diuinus

193 4324 285 4381 biliter
296 4333 324 4382 et
337 4326 462 4384 similiter
474 4328 634 4399 perveniens
647 4327 669 4361 ¹¹
688 4328 770 4384 solari
786 4328 862 4384 radio
882 4335 910 4384 et
923 4325 990 4383 cali·
1038 4327 1203 4393 imitationis,
1220 4337 1354 4400 tunquam
1367 4345 1413 4401 per
1428 4328 1490 4384 ilias
1503 4318 1532 4386 in
1543 4344 1629 4387 omnes
1641 4337 1667 4384 et
1677 4345 1725 4386 nos
1740 4329 1827 4386 diuisa

193 4413 294 4473 ditatit
321 4414 400 4473 Hunni
425 4418 560 4490 siquidem
582 4420 712 4477 radicitus
726 4419 832 4476 occulte
847 4418 989 4474 arboribus
1039 4416 1232 4474 illuminatione
1249 4418 1389 4475 distributa
1411 4421 1444 4474 ¹¹.
1467 4418 1541 4477 Ordo
1562 4431 1592 4479 et
1613 4434 1740 4479 sensus:
1763 4422 1825 4495 ttrgu

194 4505 342 4578 herbisque
356 4509 486 4576 illabitur,
503 4511 630 4580 deinceps
642 4512 776 4583 gradatim
795 4511 825 4566 in
843 4510 948 4580 stipites
962 4516 991 4566 et
1037 4508 1184 4575 mirantur,
1198 4509 1241 4567 vel
1258 4510 1440 4579 arbitrantur;
1455 4500 1664 4587 ἦὰΰῦἶαῖέἶιῖἶιι
1680 4522 1710 4572 et
1730 4514 1825 4571 miras·

194 4597 304 4668 thyrsos
315 4598 460 4667 ¹¹,ramos,
471 4599 547 4667 tolia,
559 4599 828 4666 dores,lructus.Est
839 4596 989 4671 ergosimui
1040 4607 1123 4655 toret
1134 4599 1158 4633 ¹¹
1169 4601 1337 4657 arbitrantur
1354 4611 1444 4673 potest
1465 4603 1733 4679 interpretem-qius
1744 4614 1826 4663 umen

195 4688 295 4742 eutero
323 4686 524 4744 stannaturae
550 4692 709 4762 pausatum
730 4691 909 4760 attaminans.
923 4667 1167 4749 inurbanum
1187 4693 1279 4748 sensu
1301 4692 1329 4747 tn
1346 4692 1399 4749 toa
1411 4692 1472 4750 toea
1485 4694 1631 4763 arantur,
1649 4698 1715 4768 aar·
1728 4694 1827 4755 mua

195 4780 353 4854 paradigma
366 4782 399 4839 ad
414 4784 582 4856 pmpositum
597 4786 758 4842 revertimur
770 4786 805 4853 ¹¹,
820 4787 873 4843 boc
888 4792 939 4852 est,
953 4784 989 4841 ad
1041 4783 1102 4839 dem
1120 4784 1248 4855 pertinet.
1269 4782 1340 4856 Ergo
1361 4785 1495 4842 mirantur
1514 4784 1596 4843 simul
1619 4787 1758 4846 esseutiae
1772 4800 1827 4846 on·

842 4893 971 4951 thtllll
989 4891 1192 4951 Lectiones,

235 5048 245 5081 ¹
271 5049 292 5103 B
319 5046 447 5104 rationem
476 5049 659 5104 ordinationis.
709 5049 721 5081 ¹
745 5047 791 5105 Sic
820 5048 841 5105 C
869 5058 897 5106 ει
920 5051 979 5107 rod.
1006 5067 1077 5109 corr.
1104 5050 1155 5114 B',
1177 5051 1222 5106 ab
1248 5051 1331 5107 bonis.
1381 5051 1392 5085 ⁸
1421 5052 1468 5110 Sic
1493 5051 1515 5109 G
1541 5058 1570 5107 ει
1592 5052 1653 5109 rad.
1678 5065 1753 5111 cett.
1781 5050 1829 5121 νς

197 5132 247 5190 pro
266 5129 322 5190 post
337 5119 456 5174 sunttlB
477 5129 594 5190 possunt.
641 5118 744 5176 ‘Corn
769 5118 812 5185 B',
832 5119 988 5177 Abdiuino.
1026 5120 1101 5178 ¹Pro
1115 5117 1173 5175 liae
1195 5123 1226 5175 B·
1249 5137 1333 5193 marg.
1354 5121 1442 5179 adser.
1456 5121 1526 5180 liae.
1562 5121 1672 5180 'Germ
1693 5123 1717 5180 Α
1739 5140 1830 5195 asper·

196 5190 347 5256 eminentes,
366 5188 397 5243 tt·
413 5190 472 5245 vad.
491 5204 562 5245 corr.
585 5190 824 5260 supereminentem.
875 5189 925 5245 'B
957 5194 1149 5249 eerutrices.''
1179 5190 1237 5245 ’θ’
1252 5207 1332 5261 supra
1346 5194 1495 5248 adsonem.
1530 5193 1649 5257 teon..
1667 5191 1715 5251 ΑΒ
1738 5192 1830 5250 mu».

199 5259 220 5291 ¹⁸
241 5261 413 5326 doirtntem,
442 5260 463 5314 lt
489 5261 608 5314 uirtutem
630 5262 737 5330 (punct.
763 5259 817 5330 adj.
831 5259 891 5333 B').
930 5209 1313 5348 “Kaetionemdtaetionem
1335 5263 1439 5333 (punct.
1459 5260 1514 5332 adl.
1527 5261 1580 5335 B‘).
1618 5263 1641 5296 ¹¹
1657 5262 1831 5331 Commii

197 5352 289 5421 effecto
306 5368 344 5436 es.
390 5333 598 5436 ¹¹Cor.lt‘,3llt'
628 5357 662 5402 te.
723 5348 745 5380 ¹¹
764 5359 822 5420 post
851 5366 906 5434 om.
930 5350 962 5416 B,
986 5351 1019 5406 ad
1044 5366 1130 5420 marg.
1150 5349 1239 5406 aiiscr.
1254 5351 1296 5404 B
1346 5350 1368 5382 ¹¹
1383 5349 1472 5442 doni..
1483 5349 1529 5406 tu
1539 5348 1830 5435 capressinab'ootv.

200 5437 333 5557 ιειι
366 5441 407 5549 t·
447 5422 627 5550 itant
640 5420 1832 5563 uait*itattestanti-{iti·..ttrtrrtmtm‘saa

197 5533 380 5630 perueniebat.
412 5511 608 5620 matrinea.
647 5557 758 5615 ”Corn
770 5529 876 5639 ’ΒχΑΒ
893 5530 1075 5642 illuminabitis.
1113 5561 1136 5591 ¹¹
1147 5562 1176 5614 tt·
1192 5560 1250 5614 rad.
1266 5578 1337 5617 corr.
1347 5532 1490 5641 reuertitur.
1541 5561 1565 5593 ¹⁸
1579 5560 1620 5617 lix
1633 5532 1708 5618 veis.
1723 5570 1755 5619 et
1768 5568 1832 5618 teat.

199 5644 257 5708 μ’
270 5632 362 5689 ΑΜ
400 5633 590 5698 irBeusunlis,
606 5634 859 5710 B'eorr.cuusutis.
896 5631 1085 5686 ¹¹llsuntdn.
1124 5631 1186 5684 ¹⁸13·
1202 5646 1273 5685 corr.
1289 5643 1322 5686 et.
1360 5628 1528 5712 ”liorem
1553 5631 1598 5685 ab
1618 5648 1667 5702 pro
1692 5632 1833 5705 qaiapps·

200 5710 280 5754 rrrtar.
318 5702 757 5786 ”domnemquessomnemttue
772 5711 876 5773 (punct.
895 5701 947 5774 aiij.
962 5699 1015 5773 B‘).
1053 5701 1074 5731 ³¹
1098 5701 1238 5755 Bonrnem
1253 5702 1354 5772 (punct.
1374 5702 1427 5769 adp
1439 5702 1492 5772 lt').
1530 5701 1553 5732 ¹¹
1573 5710 1610 5757 est
1629 5694 1836 5773 otu-Raima

200 5788 291 5844 adser.
311 5789 353 5850 θ’.
391 5791 553 5861 ⁹¹Emond.,
577 5793 746 5864 bllirrfinita.
785 5792 979 5851 ¹¹lleusnaiis.
1017 5794 1040 5825 ³¹
1059 5792 1500 5865 seom.lt‚admnrg.adser,li·.
1537 5792 1836 5866 ’tinemuta-pra

200 5858 346 5918 adicem&
385 5860 668 5937 ’'bitinnxmueiur.
696 5863 892 5936 ⁸⁸B·admarg.
907 5863 1215 5936 adscr.dispositionuna.
1253 5861 1454 5922 ”terebinti
1470 5863 1611 5922 distributi.
1648 5861 1672 5897 ⁸¹
1691 5860 1834 5925 stota-B.
