3984 6534
187 328 256 386 ititl
861 327 1003 387 totnms
1020 329 1123 387 scol}
1764 338 1811 396 litt

186 452 242 511 tae,
262 451 291 499 et
310 440 474 515 principales
495 439 706 497 illuminationes
719 438 936 497 immaterialiter
950 450 978 497 ct
991 446 1017 505 A
1028 443 1167 510 docuere,
1190 444 1288 501 deinde
1310 460 1362 516 per
1384 445 1469 518 ipsos
1491 444 1520 501 in
1536 460 1594 503 nos
1608 446 1734 504 scientiae
1751 456 1809 521 grai

186 547 255 603 pure
268 532 440 603 recipientes,
456 539 484 585 et
496 531 531 584 ari
550 531 624 599 ipsas
637 527 798 595 ordinatae,
819 536 849 584 ct
870 527 976 585 intelie-
1027 533 1193 590 ammoniti.
1206 534 1548 625 sicergo-divinissimus
1558 534 1674 593 Gabriel
1687 538 1810 599 bunia

186 620 303 677 niualem
325 621 456 675 irairentes
476 634 585 674 otrrnenr
607 620 701 673 vitam.
725 617 890 689 ipsaeeugo
913 626 978 673 euni
1025 624 1135 693 guidem
1158 640 1292 681 tumtunm
1314 626 1503 683 sacerdotem
1537 628 1676 698 mysteria
1698 630 1808 695 edocme

186 710 275 780 primo
299 718 328 764 et
352 707 613 764 innrrmcruniliter¹
641 708 670 763 ln
696 706 902 778 participatione
927 704 977 762 liei
1023 711 1161 803 noc-est,
1189 715 1350 786 proplietam
1371 716 1394 752 ¹¹
1424 714 1492 771 fore
1516 730 1555 771 ca
1579 716 1645 786 ipso
1661 728 1809 791 matram

187 800 284 864 factae,
298 805 327 853 et
338 797 427 867 primo
442 805 470 852 ct
491 797 676 868 multipliciter
689 796 919 853 manifestatrices
930 795 974 852 di·
1026 800 1111 872 gratia
1126 800 1217 858 diuina
1231 800 1403 859 nasciturum
1417 818 1552 875 puerum
1564 805 1698 861 diuinitus
1711 795 1811 865 aab

186 888 264 943 rinae
277 886 475 941 occultationis.
488 886 637 981 Q
648 893 676 941 et
687 885 758 942 ultra
772 885 863 941 omnia
874 898 975 956 eogno-
1025 890 1093 946 riter
1105 892 1205 949 mundo
1218 892 1447 953 manifestandae
1460 894 1641 951 virilium
1663 896 1756 955 liniare
1765 914 1808 971 qa

185 976 333 1031 minatione
346 974 467 1045 angelica
490 975 611 1031 scicctinr
626 975 723 1045 dignae
746 971 836 1030 tactas
853 981 928 1041 euni,
941 987 976 1030 ee
1025 978 1148 1036 rationis.
1163 980 1361 1053 iiariamquc¹¹
1375 984 1533 1055 quomodo
1546 984 1578 1039 in
1588 984 1613 1027 ¹¹
1625 984 1685 1055 ipsa
1695 984 1807 1043 mii

185 1066 256 1138 quod
270 1067 358 1137 primo
372 1068 399 1122 in
414 1067 537 1137 scipsas¹
559 1066 644 1122 edunt
658 1064 779 1121 divinam
801 1063 975 1120 illuminatio-
1025 1085 1089 1125 num
1104 1068 1247 1128 ineffabilis
1259 1072 1371 1129 divinae
1382 1072 1582 1130 formationis
1595 1074 1808 1145 mysteria-tta

185 1174 259 1225 nem,
269 1166 296 1214 et
306 1173 355 1229 per
365 1172 395 1214 sc
408 1158 435 1213 in
447 1173 495 1214 nos
511 1159 644 1224 deferunt,
657 1170 728 1226 quac
741 1169 822 1228 snpra
837 1168 887 1211 nos
900 1162 973 1221 sunt,
1024 1159 1095 1214 aiios
1112 1159 1269 1231 angelorum
1286 1158 1391 1233 foseplr
1417 1162 1609 1227 erudiebat,
1631 1156 1752 1235 emeda
1764 1180 1813 1223 ma·

184 1248 425 1305 tnanifestntiones.
445 1248 595 1319 siqnidem,
612 1254 642 1302 ut
658 1246 791 1315 theologia
803 1246 850 1311 alt,
864 1260 913 1316 pcr
926 1260 974 1300 au·
1024 1250 1202 1322 implerentur
1215 1252 1344 1309 divinitus
1358 1244 1517 1324 promissa
1536 1253 1699 1325 prrogeoitui
1716 1254 1806 1311 namt

183 1339 258 1409 gelos
270 1338 349 1394 nobis
361 1317 572 1404 donataffir'f,
592 1345 621 1395 et
633 1337 764 1410 gloriosos
783 1350 891 1408 quoquc
911 1343 974 1391 anie
1023 1340 1101 1397 Alius
1113 1355 1178 1397 tero
1195 1351 1335 1410 pastores,
1351 1352 1501 1414 tanquam
1525 1344 1669 1401 munitum
1677 1346 1807 1403 mdta¹¹et

183 1427 269 1499 legem
283 1436 391 1484 nostms
405 1438 495 1498 patres
508 1428 596 1500 angeli
612 1428 645 1484 ad
662 1426 784 1483 diuinum
798 1424 972 1492 reducebant,
1023 1427 1132 1505 silentio
1144 1444 1289 1486 conversos
1300 1431 1322 1465 ¹¹
1334 1429 1583 1502 evangelizavit,
1602 1441 1723 1491 etnam
1732 1434 1805 1489 naiti-

183 1517 256 1588 qnod
270 1518 404 1589 agendum
419 1518 635 1584 introducentes,
648 1524 676 1573 et
688 1518 722 1571 ad
736 1524 837 1571 rectam
850 1514 974 1569 ueritatis
1023 1518 1089 1573 tudo
1107 1518 1244 1575 exercitus
1255 1518 1385 1576 caelestis
1402 1520 1495 1576 illurn
1511 1522 1602 1579 vaide
1621 1516 1802 1579 tarnat-ns

183 1609 253 1663 uiant
266 1622 300 1664 ex
314 1623 408 1665 errore
429 1616 459 1665 et
481 1609 536 1664 rita
560 1607 699 1664 immunda
725 1607 905 1672 reducentes,
925 1612 973 1661 ant
1023 1605 1124 1663 debant
1142 1608 1206 1676 iris,
1228 1608 1276 1680 qui
1290 1608 1318 1664 in
1333 1617 1413 1665 terra
1431 1620 1530 1678 sunt,
1551 1612 1804 1683 doxologianietp'·

181 1682 401 1754 ordinesaacros
426 1698 617 1770 mysteriorum
638 1696 908 1769 supermundalium,
924 1704 973 1753 aut
1022 1698 1148 1769 clamque
1164 1700 1198 1753 ati
1212 1697 1418 1755 excelsissimas
1436 1699 1634 1773 eloquiorum
1647 1702 1805 1775 taniam

181 1787 302 1844 occultas
320 1788 448 1855 visiones,
468 1799 516 1844 aut
540 1789 644 1845 diuinas
657 1786 788 1859 quasdam
802 1786 975 1857 antepraedi·
986 1777 1011 1839 B
1023 1784 1146 1843 ritiones.
1160 1786 1502 1859 iideoenim,t1uonionr
1519 1790 1633 1862 etipse
1651 1788 1801 1863 inqu·

181 1878 302 1935 cationes
327 1878 485 1951 pmpiretice
512 1878 710 1936 rensnntest.
745 1874 975 2023 Q
1022 1850 1805 1949 mdcuinmfflmffsupcnessmnansmal

182 1968 290 2033 dixerit,
309 1977 338 2024 ct
350 1970 413 2027 inde
423 1970 580 2027 immediate
593 1968 677 2026 fuisse
690 1966 853 2040 quibusdam
865 1982 894 2024 sa
1023 1967 1067 2035 id,
1083 1969 1156 2039 guod
1169 1968 1318 2025 secumdum
1339 1983 1396 2027 nos
1410 1980 1475 2036 est,
1495 1969 1799 2033 immutantitterra'aa

180 2037 451 2131 ffifn'llreopiraniam
467 2060 554 2117 discat
573 2070 602 2116 et
619 2059 671 2116 iroc
685 2058 867 2129 sapit-nterea
881 2070 974 2114 sacra-
1022 2072 1076 2115 non
1096 2058 1184 2114 resilit
1203 2060 1225 2093 ¹¹
1236 2057 1288 2113 sub
1310 2072 1341 2115 tc
1365 2066 1396 2114 ct
1421 2059 1556 2117 militari
1582 2070 1614 2117 et
1631 2060 1799 2117 eiectai-

181 2146 296 2208 tissimis
308 2150 443 2221 eloquiis,
464 2146 601 2223 qrrdmodo
623 2150 676 2207 lroc
694 2149 759 2221 guid
771 2157 800 2206 et
812 2147 893 2220 qtrale
906 2148 918 2182 ¹
931 2155 974 2205 esi
1021 2146 1091 2203 lona
1104 2148 1126 2180 ¹¹
1141 2146 1322 2213 ordinatione,
1343 2146 1395 2202 aed
1411 2146 1566 2205 oiredicns
1579 2148 1706 2205 subditur
1714 2148 1800 2205 caris

179 2244 228 2299 lici
243 2242 388 2307 occultum.
402 2256 483 2299 nemo
495 2242 563 2298 vidit
574 2254 663 2313 neque
674 2240 807 2298 ridebiti.
827 2239 971 2311 'lincopia-
1023 2238 1070 2294 ilci
1081 2253 1131 2310 per
1143 2239 1254 2311 angelos
1266 2238 1526 2309 disposilionilrna.
1543 2240 1583 2298 Et
1597 2240 1799 2313 per-mediati·

180 2334 243 2388 nias
256 2342 347 2388 autem
357 2331 460 2387 mnotis
473 2330 562 2387 fectae
572 2338 636 2388 sunt
649 2331 797 2389 secundnm
810 2332 972 2404 praedictio·
1022 2331 1198 2386 annuntiatur
1219 2330 1695 2405 ioseph-a-patre‘dispnsitafiiii
1706 2332 1797 2405 dirp-

179 2420 551 2495 nesauuo¹prrqnasuam
573 2436 667 2479 sacras
682 2421 840 2478 ridentibus
856 2435 971 2493 proper·
1022 2429 1096 2489 ptum
1110 2418 1248 2481 recessio,
1272 2418 1423 2483 etiterum
1442 2420 1647 2479 adlrrdacam
1667 2438 1700 2479 ca
1718 2422 1797 2495 affl

180 2513 319 2568 tionnlinm
337 2498 470 2566 visionum
494 2510 738 2593 manifestationes.
758 2510 817 2581 ipsa
825 2510 914 2591 Qr
927 2525 972 2568 sa·
1022 2506 1225 2567 trutanuctlol.
1246 2508 1280 2564 Et
1306 2524 1355 2578 per
1380 2510 1510 2581 angelos
1533 2512 1632 2585 ipsum
1648 2514 1798 2575 tulum}

179 2602 347 2673 pientissima
371 2599 503 2672 tircologiu
517 2600 648 2656 visionem
673 2598 757 2665 iilam,
772 2612 844 2670 quae
860 2599 889 2654 in
911 2596 970 2670 ipsa
1020 2596 1154 2669 paternis·
1172 2597 1389 2670 legislationibus
1424 2602 1609 2658 ordinatum
1619 2605 1643 2659 ἰ.
1673 2602 1735 2661 lato
1750 2602 1796 2659 ι’·

178 2703 220 2749 est
239 2692 392 2763 descripta,
415 2690 546 2747 rcrciarit
573 2690 713 2759 diuinam,
740 2690 818 2773 gipsi
837 2689 967 2746 informa
1020 2687 1111 2744 dicere
1129 2696 1160 2743 ut
1177 2688 1274 2745 scienti
1288 2688 1391 2744 nostris
1404 2690 1648 2751 sacerdotalibus
1655 2691 1794 2749 tradi*

178 2782 333 2838 informium
348 2779 567 2849 similitudinum,
588 2794 622 2835 ca
641 2779 792 2836 ridentium
805 2768 835 2835 in'
845 2770 970 2835 ditinum
1018 2792 1157 2849 expressa,
1170 2778 1243 2835 etde
1254 2778 1349 2850 angulo
1363 2779 1461 2847 ipsum
1477 2782 1585 2840 iesum
1601 2784 1797 2849 confonmmt

178 2873 346 2939 reductione,
362 2872 475 2944 pulcltre
493 2871 586 2928 uocari
606 2869 808 2942 theophaniam,
828 2867 905 2939 guasi
921 2882 971 2938 pcr
1019 2868 1082 2937 guia
1105 2867 1211 2939 etipse
1231 2866 1378 2938 ieeuspcr
1402 2880 1544 2928 nostram
1571 2870 1794 2929 salutarenituf

176 2964 265 3035 ipsam
280 2978 316 3019 ex
331 2964 344 2997 ¹
356 2962 511 3019 uidentibus
525 2961 617 3018 divina
630 2961 702 3017 lucta
716 2958 922 3025 illuminatione,
941 2966 970 3013 ct
1018 2955 1145 3011 cientium
1152 2956 1174 2991 ¹¹
1187 2965 1216 3011 et
1229 2956 1485 3015 manifestatoriam
1494 2962 1622 3019 venicus
1632 2948 1793 3025 ordination

177 3054 244 3124 quid
257 3054 410 3111 divinorum
426 3054 493 3125 ipsis
505 3052 575 3109 mire
589 3049 831 3122 parceseminat
851 3046 907 3105 iias
920 3063 970 3103 au·
1018 3046 1130 3115 angelus
1149 3046 1239 3117 magni
1257 3047 1361 3103 consilii
1385 3049 1570 3119 appellatur.
1594 3053 1714 3117 Etenim
1728 3050 1797 3121 [β

176 3152 232 3199 tcnr
246 3142 351 3201 divinas
373 3144 490 3201 visiotrcs
512 3126 623 3217 gloriosi
647 3152 740 3214 patres
762 3142 849 3201 nostrl
868 3140 966 3199 emditi
980 3116 1004 3179 C
1018 3137 1160 3209 angeius¹¹
1171 3136 1327 3209 praedictus
1339 3138 1425 3204 alt¹¹,
1439 3124 1793 3217 gumoens-Hicesio,

176 3240 240 3287 sunt
259 3234 333 3302 ¹per
354 3236 458 3292 medias
478 3234 609 3292 coelestes
632 3234 756 3291 virtutes.
780 3235 846 3292 An·
867 3250 920 3293 non
938 3242 967 3291 ei
1016 3236 1067 3293 1¹0,
1082 3226 1254 3295 iiiiiissfiiiii
1267 3228 1380 3285 ”libili-

175 3319 970 3399 moramlcglsiationerneioquiommtraditiorelutperse¹
1300 3360 1517 3423 mmmmm
1538 3368 1564 3425 v

175 3410 285 3482 guidem
299 3410 366 3466 dicit
380 3426 413 3468 ex
435 3408 492 3465 lico
509 3409 594 3481 iioysi
611 3410 761 3477 donatam,
775 3418 807 3467 ut
819 3412 902 3467 ctiam
917 3424 990 3468 noe·
1322 3404 1331 3415 “
1358 3426 1363 3435 ·
1562 3408 1574 3427 ’

179 3486 473 3567 nomiomacensis
483 3516 543 3555 eam
552 3508 754 3558 esacctsacros
763 3501 968 3559 clamcteresel

175 3590 366 3669 Qffm
383 3598 411 3645 et
420 3590 472 3646 lroc
485 3590 623 3661 sapienter
634 3590 778 3662 theologia,
794 3607 844 3663 per
857 3593 967 3663 angelos

175 3696 236 3739 cam
250 3681 277 3737 in
291 3666 763 3752 nosproreriirc,''l·a·ripuani‘dr‘v‘in'd
775 3679 852 3750 legali
870 3680 967 3738 ordine
1050 3675 1245 3757 1111an
1257 3684 1318 3742 cst,
1332 3684 1470 3745 guantum
1488 3680 1528 3735 ad
1543 3697 1618 3749 nus,
1632 3698 1709 3741 caasa
1719 3678 1791 3755 ueti-

176 3771 242 3828 iilud
256 3770 379 3841 legaliter
392 3778 520 3842 ponente,
537 3769 591 3851 ipsc
612 3775 665 3836 esi,
686 3784 735 3841 per
747 3769 835 3839 prima
847 3768 965 3825 secunda
1015 3779 1064 3821 cae
1078 3765 1105 3820 in
1118 3763 1235 3835 eloquiis
1249 3764 1517 3835 cognominationis.
1531 3768 1667 3831 Scruuri
1678 3780 1794 3837 anien

174 3861 202 3916 in
217 3861 336 3918 ditinum
351 3860 373 3893 ¹¹
388 3860 490 3918 reduci.
506 3846 677 3916 Etonir‘n‘i'ron
690 3858 776 3915 solnm
788 3866 816 3912 ct
830 3858 857 3913 in
869 3873 965 3929 snper·
1016 3858 1146 3922 aestimo,
1160 3861 1283 3925 oportet,
1296 3856 1333 3911 ol»
1349 3870 1432 3925 quarn
1451 3872 1580 3917 musam
1599 3836 1791 3939 tircoffim

173 3950 271 4021 positis
281 3959 309 4004 et
319 3948 447 4020 suirjcctis
456 3926 627 4013 anim
637 3955 666 4003 ct
678 3947 704 4002 in
715 3960 802 4018 aeque
813 3948 966 4016 potentibus
1015 3946 1124 4017 paridem
1145 3944 1226 4001 sunni
1247 3943 1379 4005 caelestes
1399 3950 1548 4008 aasentias
1571 3954 1689 4027 angela
1706 3960 1790 4012 vaur

173 4039 232 4108 ipsa
242 4034 293 4093 lex
304 4037 430 4094 dofmitur
441 4038 663 4109 superessentiali
681 4038 802 4093 omniurn
816 4038 965 4093 ordinatio·
1016 4036 1050 4091 ad
1067 4034 1311 4093 manifestationem
1337 4042 1430 4091 autem
1451 4040 1613 4103 uenientes
1633 4042 1791 4119 susanne

173 4129 217 4185 nis
226 4128 368 4201 principio,
382 4128 434 4185 iroc
446 4138 498 4195 est,
509 4145 559 4201 per
571 4144 790 4203 unamquamque
802 4130 964 4187 ierarchiam
1016 4129 1082 4184 lium
1103 4128 1225 4198 ipsarum
1246 4125 1483 4196 dispositionum,
1511 4133 1651 4193 nanim
1676 4134 1794 4209 qn

172 4218 274 4289 primas
286 4198 470 4276 elmecffi's'ei
482 4218 593 4275 niiimas
605 4228 706 4276 essent
724 4221 922 4286 ordinationes,
938 4230 966 4277 et
1016 4217 1173 4291 specialiter
1186 4216 1344 4282 nominant,
1357 4216 1532 4289 conrpictine
1547 4222 1792 4283 terminanlandti·

172 4306 306 4372 virtutes,
330 4316 358 4364 et
379 4306 513 4365 minumm
536 4321 597 4365 esse
616 4306 763 4364 diviniores
791 4308 917 4366 decimes
938 4319 966 4365 ct
1017 4316 1106 4365 naset
1123 4306 1257 4365 caelestes
1277 4319 1336 4365 rest
1356 4315 1422 4360 aute
1441 4306 1542 4376 ipsum
1564 4326 1639 4369 vero
1657 4310 1792 4387 sapapffl

172 4399 391 4466 manuductores,
405 4401 433 4456 in
449 4400 568 4457 divinam
582 4400 773 4457 adductionem
785 4410 813 4457 ct
830 4399 964 4457 illumina·
1016 4399 1217 4472 archangelicos
1227 4396 1355 4455 ordinant
1373 4406 1506 4465 umatus,
1520 4402 1719 4479 principesque
1727 4414 1791 4475 ctpe

173 4487 275 4544 tionem
288 4495 317 4543 et
330 4489 703 4565 communicationern.videu
714 4499 805 4547 autent
817 4491 851 4559 ¹¹,
863 4492 963 4561 gniaet
1015 4497 1127 4545 testatas
1139 4496 1167 4545 et
1178 4487 1303 4554 virtutes,
1316 4495 1345 4542 et
1355 4498 1546 4558 quascunque
1558 4490 1609 4549 his
1619 4492 1790 4565 ruperim

172 4560 962 4651 uirlnnmetmstinumantattsmysiertunangellpiiriinm
1015 4578 1149 4636 essentias
1175 4576 1346 4650 dauniorum
1373 4588 1559 4647 cognoscum
1586 4580 1789 4641 manifestetis!

830 4707 959 4767 laniate
976 4709 1167 4770 Lectiones

1088 3470 1177 3540 Quare
1188 3488 1277 3529 onmes
1290 3472 1413 3529 cneiertca
1426 3480 1576 3535 essentiae
1591 3482 1748 3547 σωιιιιῖσ

1294 3542 1381 3615 eugefi
1394 3542 1548 3623 dictantur.

207 4816 447 4887 ¹iiatttftipffriter.
500 4819 577 4875 ’ΒΗ
592 4820 620 4875 in
642 4820 744 4887 seipsis.
782 4820 905 4877 ¹diroc
944 4823 1029 4878 uidem
1051 4824 1121 4947 dm
1140 4830 1192 4879 esi.
1241 4821 1447 4879 *amnium
1470 4824 1607 4889 decentes
1620 4832 1711 4891 Dru.
1746 4830 1788 4879 'ca

172 4898 228 4938 um.
241 4883 276 4937 lt.
321 4886 484 4954 ‘Atpridetn
500 4890 923 4961 diuinisfpaiatnrrcfeperficfenlt‘
941 4909 982 4948 rte.
1025 4893 1036 4926 ¹
1098 4898 1277 4963 perceperunt.
1323 4890 1447 4949 'Adrum
1484 4894 1565 4954 ’ΒΕ
1575 4900 1653 4959 fatie.
1704 4898 1787 4955 ”eii

171 4952 243 5007 aion.
310 4953 330 4984 ¹¹
357 4966 442 5008 nutem
466 4970 522 5010 orn.
550 4952 605 5011 isli.
651 4958 673 4990 ¹¹
686 4956 732 5012 Bil
752 4974 799 5028 pcr
824 4959 986 5029 propietate.
1032 4961 1057 4998 ¹¹
1080 4960 1104 5017 t
1124 4960 1237 5016 iiariam
1268 4974 1379 5030 gaogue
1445 4959 1470 4993 ¹¹
1493 4964 1528 5019 ira
1553 4982 1615 5035 nm,
1642 4973 1676 5028 Α.
1731 4962 1787 5021 ΙΙΙΙ

173 5020 268 5075 refuto.
325 5022 347 5053 ¹¹
360 5022 380 5075 li
395 5035 527 5091 purgatos.
588 5026 610 5058 ¹¹
630 5026 675 5079 Eli
699 5028 790 5080 reiicit.
840 5027 898 5081 *Ἀ
914 5030 1001 5087 resilit
1030 5047 1049 5087 a
1074 5046 1103 5104 te
1120 5030 1244 5087 ordinate
1268 5038 1452 5100 asssumpta
1482 5032 1616 5104 humane
1639 5038 1787 5099 arundus
1835 5086 1837 5095 .

175 5090 197 5125 ¹¹
210 5088 233 5144 Α
248 5089 396 5158 borrencum.
441 5091 464 5122 ¹¹
477 5090 520 5146 BE
544 5093 646 5163 angeio.
699 5094 721 5127 ¹¹
736 5095 758 5149 Α
773 5094 883 5167 angelus
897 5096 976 5154 dicit.
1614 5101 1620 5111 ’

923 5184 1051 5243 nolas.

211 5310 224 5339 ¹
241 5296 309 5353 Gen.
322 5293 394 5361 xlx,
405 5292 625 5362 titillantium
635 5294 738 5359 luuttn
750 5295 801 5368 t’i;
815 5296 883 5355 Dan.
895 5296 955 5366 llt;
1047 5300 1058 5340 ¹
1076 5301 1133 5357 into
1159 5336 1167 5355 .

172 5365 604 5492 ¹t¹l1i÷ltlisiuti¹
963 5367 969 5382 ’
1043 5368 1354 5495 :ltitizl3¹··⁰·¹³·

209 5516 221 5543 ‹-
242 5502 321 5561 usur.
335 5477 399 5559 tx.’
1049 5512 1056 5551 r
1078 5508 1142 5565 nnc
1157 5506 1240 5563 xxti.

207 5573 221 5677 ἶ
238 5572 337 5700 limfis
351 5573 380 5644 l,
394 5573 495 5643 Luc.-i,
509 5574 540 5631 il.
1047 5590 1055 5625 l
1078 5578 1157 5634 lnntn
1179 5576 1243 5646 XV;
1267 5577 1327 5634 isui.
1344 5576 1388 5635 tx.
