3984 6534
313 394 385 466 reg
1013 389 1316 453 aonnmearnn
1606 332 1683 423 ·”
1906 357 1965 424 ¹2⁹⁸

321 529 377 585 telo
396 521 565 582 crudelitutts
577 517 743 592 percellere,
765 510 925 572 scarrdalum
944 510 973 568 in
994 510 1238 578 Ecclesiahviee,
1249 513 1425 585 omniumque
1434 509 1618 569 eeclesiarum
1631 506 1685 566 bei
1699 520 1804 564 curant
1816 510 1845 561 et
1856 500 1967 562 mhidtu«

320 617 369 675 bei
383 627 515 686 generare
525 628 578 668 non
591 606 772 682 pertimescit,
786 621 840 662 non
851 603 938 661 solum
949 618 999 676 per
1013 603 1115 659 medio-
1166 605 1257 661 dinem
1278 603 1514 662 nobisallomlno
1528 618 1587 675 prce
1618 601 1739 658 caeteris
1763 597 1914 670 delegatam
1930 599 1968 654 ha

320 707 428 763 critatis
447 712 547 760 nostrae
571 701 768 767 ministerium,
788 698 844 755 ilco
861 707 988 762 auctore,
1010 697 1115 753 viribus
1165 695 1270 761 bentes,
1288 703 1432 765 antequam
1447 694 1578 763 antiquus
1592 701 1696 748 noster
1716 688 1895 744 adversarius
1904 704 1968 745 areu·

320 797 515 864 infirmabitur,
528 811 623 852 veruna
635 795 717 850 etiam
730 792 844 847 vinculis
855 789 1038 845 anathematis
1050 789 1116 845 ohli·
1165 793 1207 841 tes
1218 793 1324 840 vestras
1334 783 1448 841 occultis
1464 792 1492 839 et
1505 783 1601 855 impiis
1617 780 1765 852 nequitiae
1780 792 1839 833 suae
1859 779 1966 835 versutiis

320 898 408 959 gatus,
422 889 534 945 nomine
544 884 761 943 Christianitatis
772 883 905 954 privatus,
917 895 979 936 euna
994 880 1113 948 diaholo,
1165 887 1331 950 corrumpat,
1347 885 1375 933 et
1388 877 1483 934 morbo
1501 873 1657 932 insanabili
1670 871 1802 937 sauciet,
1821 870 1900 925 armis
1911 886 1970 941 pre-

318 997 400 1051 quevu
421 994 503 1050 super
525 981 577 1035 hoc
601 977 734 1042 imitatur,
757 974 868 1030 omuino
887 972 1033 1028 locabitur.
1056 971 1115 1027 'lua
1165 971 1247 1028 cincti
1276 971 1386 1037 divinis,
1402 984 1558 1035 occurrere,
1575 966 1815 1034 salubribusque
1837 977 1884 1017 ros
1906 961 1971 1040 inlcr¹

318 1089 384 1129 vcro
398 1072 563 1137 reverentia,
577 1070 613 1125 si
626 1070 654 1124 in
669 1069 722 1126 hoc
739 1077 849 1123 strenue
863 1065 1011 1121 seeundum
1023 1064 1116 1121 datam
1164 1079 1241 1120 mare
1256 1064 1398 1134 preceptis
1409 1062 1557 1119 dommus:
1574 1059 1685 1130 quibus
1702 1056 1857 1113 humiliter
1863 1055 1970 1111 obedien

319 1165 371 1220 sihi
384 1165 513 1220 divinitus
525 1162 687 1233 sapientiam
701 1158 874 1222 laboraverit,
894 1166 995 1213 nostra
1009 1154 1071 1223 sibi,
1086 1163 1117 1211 ut
1165 1166 1218 1224 tes,
1231 1159 1301 1215 sicut
1323 1173 1418 1214 omnes
1441 1157 1487 1228 qui
1500 1156 1535 1212 ab
1548 1154 1635 1210 initio
1651 1155 1717 1210 beo
1729 1150 1905 1221 placuemne
1919 1149 1973 1204 salvi

317 1256 502 1327 praetulimus,
526 1253 719 1309 familiaritatis
734 1250 860 1307 liduciam
873 1265 928 1305 non
944 1248 1047 1304 dubitet
1059 1261 1116 1303 mo·
1164 1269 1226 1311 esse
1236 1252 1358 1325 possitis,
1372 1253 1480 1308 dicente
1493 1250 1615 1306 Domino
1631 1248 1662 1302 in
1679 1244 1845 1316 Evangelio
1859 1242 1907 1300 :Si
1927 1243 1973 1314 quir

319 1347 360 1401 dis
374 1344 500 1401 omnibus
515 1343 703 1410 tribuendam,
727 1358 777 1397 nec
802 1339 1115 1396 ditltdatbenevoleutiae
1165 1343 1249 1414 diligit
1264 1358 1474 1410 me,rermonem
1494 1357 1584 1396 meunt
1600 1338 1744 1402 servabit,
1771 1346 1798 1390 et
1823 1335 1972 1390 Paterereet

319 1449 419 1495 nostre
434 1437 646 1508 benignitatem,
667 1450 727 1489 cuna
742 1434 891 1488 necessitas
903 1431 1039 1502 exegerit,
1058 1429 1115 1485 suis
1164 1434 1254 1506 diliget
1274 1451 1343 1498 eum,
1361 1433 1436 1488 etad
1451 1449 1510 1488 eam
1530 1432 1685 1491 veniemus,
1705 1438 1734 1483 et
1746 1426 1971 1495 maurianensem

318 1528 566 1601 opportunitatibus
587 1527 754 1583 adiuturam.
783 1523 840 1580 lloc
863 1532 993 1594 praeterea
1016 1522 1114 1579 missos
1164 1543 1224 1582 eunt
1249 1525 1387 1596 [ademar
1403 1523 1495 1596 (loun.
1516 1524 1588 1594 xiv).
1602 1521 1798 1591 Quapropter
1829 1519 1964 1574 chadrateu

317 1623 474 1693 apostolicae
488 1629 589 1676 nostras
600 1620 683 1684 sedis,
700 1617 813 1674 Paulum
827 1625 854 1671 et
865 1614 985 1671 Leonem
1001 1629 1115 1670 venera·
1164 1626 1295 1685 vestram,
1309 1614 1490 1673 oebarissimi
1501 1615 1529 1671 in
1543 1614 1674 1671 Domino
1686 1611 1755 1677 dlii,
1769 1610 1968 1682 apostolicatus

316 1716 386 1772 bites
400 1717 558 1786 episcopos,
583 1713 695 1769 dilectos
709 1710 880 1767 consiliarios
895 1718 1019 1775 nostros,
1047 1722 1115 1778 quos
1164 1726 1317 1774 monemus,
1331 1720 1360 1766 et
1377 1709 1481 1766 coelesti
1505 1707 1676 1780 magisterio
1703 1721 1871 1771 exoramus,
1891 1712 1917 1760 at
1934 1720 1967 1774 pn

316 1822 367 1876 pro
384 1820 450 1876 pace
463 1815 490 1861 ct
503 1805 650 1861 concordia
666 1804 713 1859 liei
736 1802 865 1859 Ecclesiae
888 1802 953 1866 illuc
969 1801 1115 1858 destinavi·
1165 1801 1240 1873 regni
1257 1800 1417 1866 stabilitate,
1432 1815 1481 1857 vos
1495 1814 1569 1855 nunc
1585 1800 1617 1855 in
1631 1799 1743 1856 eadem
1761 1798 1966 1868 redamantisque

316 1913 392 1959 mus,
418 1898 453 1952 ob
471 1896 650 1953 reverentiam
666 1895 818 1966 principum
832 1894 1015 1966 apostolorum
1039 1892 1113 1948 Petri
1129 1872 1335 1957 ”sinceritate
1355 1893 1517 1968 generaliter
1539 1908 1647 1951 omnes
1666 1894 1819 1964 satagatis
1845 1894 1964 1950 consistere

316 1998 344 2044 et
356 1987 433 2043 tetuli
447 1988 563 2057 benigne
576 1988 694 2060 suscipe,
716 1997 745 2044 et
767 2002 799 2043 ca
819 2003 880 2059 quae
893 1986 941 2043 tibi
954 2001 1004 2057 pro
1015 1984 1115 2041 utitita·
1165 1985 1238 2041 circa
1264 1985 1471 2042 dilectissimum
1486 2001 1518 2043 ac
1542 1985 1715 2056 spiritalem
1745 1986 1836 2043 lilium
1861 1995 1964 2053 muru,

316 2078 564 2136 tibusChrisrianae
582 2080 644 2136 fidei
660 2088 741 2151 atquc
756 2079 896 2151 religionis
914 2079 1049 2145 dixerint,
1066 2092 1114 2134 ore
1165 2077 1294 2133 domnum
1308 2077 1476 2135 Ludovlcum
1492 2080 1703 2150 imperatorem
1724 2080 1890 2151 Augustum.
1905 2093 1964 2150 tot·

316 2173 407 2227 cordis
419 2173 585 2244 percipiens,
607 2174 642 2228 ad
653 2173 778 2229 ellectum
793 2173 893 2229 ducere
908 2171 1015 2228 festina.
1031 2169 1115 2242 Opta·
1165 2170 1238 2226 circa
1254 2171 1324 2227 dive
1336 2172 1631 2244 memoriaquondam
1656 2172 1835 2229 bothariuna
1849 2174 1962 2243 imperate

315 2279 377 2318 nivis
391 2264 563 2319 sanctitatem
576 2274 650 2319 tuaru
673 2266 701 2321 in
722 2264 1022 2322 Christobencvalcre.
1047 2265 1114 2322 bata
1165 2270 1341 2332 rempatrem
1368 2262 1554 2318 itliusmundo
1579 2271 1707 2334 pectore
1733 2263 1960 2320 conservastiszet

316 2353 402 2410 lionis
415 2352 596 2426 Septembris,
610 2355 814 2414 indictionem.
1166 2354 1254 2411 nullus
1280 2354 1454 2420 mortalium,
1481 2353 1684 2428 cujuscunque
1724 2358 1765 2414 sit
1792 2358 1960 2431 dignitatisrt

671 2485 754 2543 xxm
1165 2444 1268 2516 gloriae,
1279 2458 1330 2501 vos
1341 2444 1376 2501 ab
1387 2444 1637 2516 apostolicaesedis
1656 2459 1812 2519 praecepto
1833 2448 1959 2519 monituque

757 2527 763 2542 '
1166 2535 1267 2593 salubri
1277 2537 1364 2607 possit
1376 2537 1464 2594 modis
1473 2546 1521 2593 aut
1537 2540 1725 2608 argumentis
1753 2541 1911 2611 quibuslibet
1928 2555 1959 2596 re

492 2616 674 2660 mmm
693 2618 774 2660 ΜΕΝ
793 2619 934 2662 mimu-
1165 2642 1274 2694 vocare,
1302 2627 1429 2685 velaria
1446 2628 1572 2685 veritatis
1601 2630 1631 2685 in
1665 2630 1821 2701 obliqiaum
1836 2629 1957 2691 defleam

624 2713 714 2784 (Anno
734 2714 810 2788 869.)
1166 2732 1217 2775 nee
1231 2717 1312 2775 ullius
1327 2727 1461 2791 praecepta
1473 2720 1561 2790 magis
1575 2735 1667 2791 quam
1680 2720 1765 2777 beati
1776 2719 1958 2793 Petriapoetrli,

317 2819 385 2880 Pori
405 2835 514 2880 ntortem
537 2825 656 2882 Lutlrcrii
676 2830 761 2899 regia,
775 2829 899 2885 lrortctrtr
910 2841 940 2886 ut
952 2832 1043 2903 fideles
1062 2837 1116 2891 sint
1166 2824 1217 2880 ΡΗ
1229 2824 1261 2866 ⁰⁸
1274 2819 1396 2866 ⁰⁰⁸¹ffi¹¹¹
1408 2809 1524 2882 9¹⁹⁰¹³²³t
1539 2810 1686 2882 V⁰b⁵⁸q¹¹⁰
1714 2813 1843 2883 mmm·
1859 2812 1958 2885 5⁰³¹&

351 2894 484 2979 hrrttoeico
496 2898 648 2968 truperutori
658 2898 730 2955 illiue
749 2901 838 2972 fratri,
850 2903 893 2958 cul
907 2918 1016 2976 regnum
1030 2906 1115 2963 ltere-
1167 2903 1307 2974 percipere
1320 2903 1431 2961 auribus
1445 2903 1589 2961 studeatis.
1602 2904 1757 2973 Quoniam
1772 2909 1825 2980 ipsi
1837 2916 1957 2981 etpatern

351 2967 671 3038 ‘¹¹‘“'²⁰J¹‘'³‘¹⁸⁶‘“‘¹‘'·
1168 2993 1384 3051 ethaereditario
1399 2995 1461 3066 jure
1489 2995 1643 3052 secundum
1680 2997 1780 3070 legem
1801 3006 1832 3057 et
1855 2998 1956 3055 ntiom

351 3079 652 3152 homauusepiscopus,
672 3097 768 3140 servus
793 3100 936 3144 servorum
957 3087 1015 3156 llei,
1031 3090 1118 3146 omni·
1165 3085 1221 3144 hoc
1233 3102 1347 3158 regnum
1361 3087 1483 3154 debetur,
1495 3097 1523 3144 et
1531 3102 1583 3159 per
1597 3098 1736 3159 paternae
1747 3092 1956 3150 haereditatissue

314 3168 366 3224 bus
380 3170 539 3240 primatibus
553 3181 580 3228 et
591 3172 717 3245 gloriosis
729 3176 876 3233 comitibus
902 3180 1116 3239 consistentibus
1169 3178 1320 3237 cessionem
1340 3193 1512 3250 summopere
1538 3181 1666 3251 pertinet
1688 3186 1822 3256 :quippe
1840 3199 1895 3242 eun
1912 3197 1955 3253 etp

313 3259 342 3318 in
355 3276 439 3333 reguo
452 3262 545 3318 domni
559 3263 690 3332 Lotharli,
706 3268 842 3337 quondam
864 3269 955 3341 magni
971 3271 1115 3342 imperato
1128 3248 1152 3314 G
1166 3269 1296 3343 prelatus
1311 3268 1419 3342 genitor
1433 3269 1516 3339 illius,
1528 3274 1678 3343 quondam
1693 3277 1862 3350 imperator,
1881 3276 1954 3334 maai

314 3355 364 3419 ris,
380 3364 408 3410 et
423 3356 554 3426 genitoris
566 3356 657 3413 domni
671 3357 801 3415 Ludovlei
822 3360 1005 3433 imperatoris.
1165 3362 1249 3420 tuerit
1260 3362 1465 3433 imperatorem,
1480 3364 1616 3435 regnique
1640 3369 1740 3426 totius
1768 3370 1900 3427 heroden
1915 3382 1953 3440 pta

349 3448 480 3504 Perfecta
503 3450 598 3520 procul
619 3451 700 3508 dubio
720 3454 862 3511 charitatis
884 3464 927 3512 est
942 3457 1055 3525 honum,
1072 3473 1114 3515 se-
1165 3453 1273 3510 caeteris
1283 3452 1469 3510 sublimaverit
1481 3455 1562 3511 natis.
1578 3454 1663 3513 Sicut
1681 3459 1767 3517 isaac
1789 3458 1952 3533 quondanle

314 3539 432 3595 cundum
456 3538 625 3608 Apostolum,
638 3543 756 3611 gaudere
784 3560 846 3599 eum
869 3547 1063 3617 gaudentibus,
1086 3558 1115 3606 et
1165 3544 1286 3601 coblilio
1300 3561 1350 3602 suo
1364 3545 1536 3612 benedicens,
1563 3548 1720 3608 dominum
1739 3553 1821 3610 illurn
1836 3553 1951 3611 baum

312 3627 379 3686 llere
392 3644 455 3685 curu
468 3627 593 3685 llerrtibus
612 3629 698 3699 (Rom.
719 3629 780 3701 xtt).
797 3630 874 3688 Unde
891 3634 954 3704 quia
969 3635 1115 3693 [aotharius
1165 3636 1253 3691 stituit
1268 3634 1344 3705 (Gen.
1370 3637 1459 3706 nvn)
1476 3637 1573 3693 :itaet
1596 3640 1667 3696 huic
1684 3645 1802 3701 caeteris
1819 3645 1949 3716 prehuc·

313 3721 448 3793 quondam
465 3736 512 3776 reu
526 3730 616 3777 vester
638 3723 728 3778 divina
756 3723 789 3778 dc
817 3724 869 3780 hoc
880 3725 979 3781 seculo
990 3726 1114 3796 jussione
1165 3735 1222 3782 tum
1236 3726 1347 3781 omnino
1357 3736 1400 3782 est
1416 3734 1521 3798 apatre
1533 3743 1706 3788 concessum
1723 3735 1946 3808 imperiumquae

311 3813 449 3885 migravit,
463 3828 510 3869 vos
523 3813 556 3868 de
568 3813 643 3873 obitu
659 3813 743 3883 ipsius
755 3813 833 3870 valde
842 3815 934 3872 tristes
948 3815 1070 3886 effectos,
1084 3829 1114 3877 et
1166 3818 1224 3889 ipse
1236 3817 1324 3873 adhuc
1336 3818 1431 3873 vivens
1451 3818 1587 3889 imperiali
1615 3821 1760 3882 volaitet
1776 3828 1948 3884 consentitur

310 3906 418 3976 lugubri
447 3906 547 3962 doloris
571 3906 690 3977 ingentis
704 3905 895 3974 amaritudine,
924 3915 1017 3979 utpote
1035 3910 1110 3969 viros
1164 3910 1304 3967 vobiscum
1327 3910 1362 3966 ab
1387 3911 1537 3980 apostolica
1561 3914 1629 3970 sede
1654 3917 1823 3980 diademate
1844 3920 1948 3985 comati,

310 3997 414 4062 lldcles,
433 3997 551 4067 repletos
565 4013 625 4054 esse
638 3999 835 4068 cognoscimus,
847 4000 1003 4073 carnalique
1013 4001 1112 4061 allectu
1163 4012 1323 4073 sceptroque
1355 4004 1436 4075 potiri
1458 4004 1517 4060 sine
1541 4005 1627 4062 dubio
1655 4014 1806 4084 augustali
1841 4014 1947 4086 pernist

309 4090 450 4160 ejusnune
465 4090 609 4145 transitum
624 4090 688 4144 llere
704 4108 711 4143 a
730 4100 886 4147 nosternon
901 4093 1111 4165 minusaposto·
1164 4092 1226 4148 ltlco
1252 4092 1419 4148 nobilitatem
1449 4102 1567 4149 vestram
1593 4111 1751 4159 monemus
1768 4105 1947 4162 etobtestanrr

308 4182 378 4239 licus
400 4183 506 4238 animus
534 4181 612 4237 vobis
637 4184 806 4251 compatiens
820 4191 849 4239 et
874 4184 1030 4253 condolens,
1056 4205 1110 4245 non
1163 4183 1192 4251 in
1224 4183 1346 4248 homino,
1370 4193 1400 4239 ut
1424 4184 1578 4241 nullatenus
1606 4188 1643 4242 ab
1674 4194 1781 4249 eodem
1798 4211 1846 4252 vos
1860 4192 1946 4266 spiriffl

308 4275 397 4331 solum
408 4288 457 4343 pro
472 4280 572 4328 aetcrrra
585 4273 756 4343 illiusrequie
770 4276 952 4344 atquesalute‚
966 4277 1014 4334 sed
1028 4281 1110 4336 etlam
1164 4272 1219 4329 lilio
1232 4283 1327 4329 nostro
1354 4274 1476 4347 Augusto
1498 4276 1671 4347 quibuslibet
1688 4287 1910 4354 promissionibus
1919 4284 1946 4340 rel

307 4380 358 4437 pro
371 4364 496 4434 praesenti
507 4364 799 4427 consolationevcstra‚
810 4380 940 4436 propace,
949 4370 1107 4437 concordia,
1162 4365 1244 4421 minis
1268 4365 1384 4443 alicujus
1408 4381 1545 4437 separare,
1572 4369 1765 4447 dividereque
1786 4374 1946 4442 recesset

306 4455 459 4519 etunitate,
484 4471 565 4523 quani
584 4471 632 4511 vos
647 4470 680 4510 en
702 4456 853 4511 totocorde
871 4458 960 4528 sequi,
983 4467 1012 4515 ot
1035 4460 1108 4517 hdett
1161 4461 1330 4533 illiquaudiu
1344 4478 1462 4533 superna
1488 4466 1588 4521 viverit
1601 4467 1764 4540 voluntate,
1797 4475 1826 4530 iu
1848 4471 1945 4530 nauhu

306 4551 418 4605 omuino
431 4550 574 4605 devotione
586 4550 711 4620 amplecti
726 4566 775 4605 ceu
788 4550 888 4607 Christi
903 4554 1026 4612 membra
1046 4555 1106 4611 nul·
1160 4551 1242 4607 veluti
1257 4553 1367 4621 proprio
1380 4555 1491 4619 seniori,
1507 4557 1618 4627 proprio
1649 4559 1833 4632 imperatori,
1844 4563 1942 4634 iustoci!

306 4640 360 4695 lanr
375 4643 499 4698 habentia
514 4642 658 4706 maculant,
674 4657 733 4712 queo
754 4642 899 4700 instantem
912 4654 960 4701 aut
988 4646 1107 4703 suturam
1159 4641 1259 4699 haeredi
1274 4643 1349 4712 regni
1361 4644 1482 4710 obedire,
1499 4644 1635 4716 lideruque
1646 4648 1771 4709 illaesam
1798 4670 1873 4711 more
1884 4650 1941 4708 solit

306 4735 402 4789 mortis
431 4737 579 4805 pernicicm
593 4735 1104 4807 vohispossitlnlerre,incunctanter,
1158 4751 1333 4804 conservare,
1357 4738 1501 4809 studioque
1523 4741 1616 4811 sagaci
1642 4758 1762 4816 semper
1786 4747 1941 4809 alendae

305 4837 335 4884 ut
348 4836 464 4897 oportet,
481 4828 769 4885 llehllihuslloruinum
784 4830 911 4900 precibus
932 4832 1036 4901 precati
1058 4847 1105 4888 su·
1157 4829 1205 4886 Dei
1223 4830 1415 4899 omnipotentis
1428 4839 1456 4885 ct
1470 4831 1555 4886 sancti
1584 4831 1660 4888 Petri
1681 4839 1817 4906 gratiam,
1834 4848 1940 4896 nostw-

226 4956 229 4962 .
304 4933 375 4976 mus.
391 4918 555 4988 thuotldic
570 4920 728 4988 suppliciter
750 4935 895 4977 exoramus
912 4930 942 4976 ut
953 4930 981 4977 et
993 4922 1041 4985 illi,
1057 4924 1104 4994 qui
1156 4940 1208 4996 que
1219 4924 1369 4995 plenariam
1383 4925 1484 4980 habere
1498 4926 1658 4981 mereamini
1690 4929 1942 4998 benedictiuncula

305 5013 407 5072 carnali
426 5014 494 5068 obiit
518 5012 682 5078 conditione,
699 5015 782 5069 vitam
801 5023 972 5085 perpetuam,
985 5025 1013 5070 et
1027 5017 1104 5074 vobis
1157 5017 1314 5087 apostolicae
1326 5017 1526 5073 communionis
1551 5020 1737 5075 consortium.
1752 5021 1826 5078 Nam
1838 5037 1907 5094 querc
1917 5032 1942 5074 et

303 5107 499 5166 misericordiae
512 5106 637 5178 largitate
648 5108 854 5175 consolationis,
869 5110 954 5180 pacis,
967 5118 995 5165 et
1009 5111 1106 5165 uuani-
1158 5110 1235 5165 vobis
1259 5109 1397 5165 contraria
1423 5116 1528 5165 tentare
1542 5108 1688 5176 nitentem,
1703 5121 1793 5185 atque
1816 5112 1941 5187 apostolia

303 5203 408 5258 mitatis
420 5201 545 5259 atiectum
561 5211 588 5257 et
601 5200 766 5257 desiderium
791 5201 927 5272 inspirare
950 5202 1104 5274 donareque
1158 5201 1230 5257 sedis
1247 5201 1357 5257 monitis
1381 5201 1409 5256 in
1431 5209 1617 5271 contemptum
1649 5201 1730 5261 beati
1754 5207 1830 5264 Petri
1850 5201 1941 5279 aposlai

304 5295 438 5366 dignetur.
461 5294 594 5363 Quoniam
614 5294 671 5365 ipse
687 5304 739 5360 est,
768 5294 814 5364 qui
839 5303 1014 5366 uospaterno
1029 5312 1105 5354 ruore
1157 5294 1278 5351 coelestls
1294 5293 1370 5365 regni
1382 5292 1509 5363 clavigeri
1524 5293 1637 5364 spretis,
1651 5295 1689 5349 ad
1706 5296 1790 5353 aliam
1805 5313 1836 5356 se
1856 5306 1939 5370 pam

305 5385 380 5456 virga
393 5386 505 5458 justitiae
515 5386 640 5457 corripit,
653 5400 686 5441 ac
700 5386 870 5457 purgationis
881 5402 999 5444 moerore
1010 5386 1104 5460 affligit
1157 5385 1282 5442 conterre
1295 5383 1511 5456 cognoverimus,
1527 5383 1603 5439 relut
1616 5383 1771 5456 iulidelem,
1788 5399 1819 5447 et
1831 5386 1940 5447 eceles't·

250 5508 255 5514 -
304 5484 333 5532 et
347 5478 506 5547 ipsenosin
527 5480 603 5535 omui
630 5478 805 5534 trbulatione
834 5488 927 5535 nostra
955 5478 1105 5537 clementer
1156 5478 1349 5548 sticaepaciac
1364 5475 1633 5544 salutieontrarium,
1647 5492 1663 5533 a
1678 5483 1769 5537 nostri
1797 5480 1940 5554 apostolam

305 5569 438 5624 consolari
450 5571 587 5641 dignatur,
604 5580 634 5625 ut
646 5572 781 5641 possimus
791 5571 939 5638 sustinere,
950 5586 1104 5643 nunquam·
1156 5554 1348 5624 communione
1371 5580 1425 5621 non
1453 5565 1541 5621 solum
1561 5565 1684 5623 alienum
1709 5569 1876 5634 habebimus,
1899 5565 1937 5625 tel

306 5675 359 5728 quc
370 5659 493 5716 detlccre.
512 5661 702 5729 Quamobrem,
717 5663 763 5718 lilii
777 5661 1104 5733 cbarissirni,apostolie.e
1155 5659 1238 5715 etiam
1256 5654 1439 5711 anathematis
1465 5653 1574 5710 vinculo
1600 5655 1663 5726 jure
1680 5659 1936 5733 meritoqeealligne

306 5751 379 5807 sertis
397 5753 552 5822 magisterio
578 5752 723 5823 plurimum
747 5753 888 5821 debentes,
915 5768 975 5817 nos,
995 5755 1042 5824 qui
1055 5770 1104 5826 per
1155 5747 1442 5810 omninocurabimus
1456 5753 1544 5801 einos
1557 5749 1713 5806 secundum
1728 5753 1876 5824 apostolice
1890 5747 1933 5820 pri

307 5855 451 5908 supernam
468 5842 583 5912 gratiana
607 5843 789 5912 apostolorum
804 5844 936 5917 principis
963 5843 1103 5917 irrugimur
1152 5840 1279 5914 vilegium
1294 5836 1434 5913 diguitatis
1446 5845 1474 5895 et
1487 5840 1644 5913 potestatis,
1656 5841 1749 5918 ipsunt
1758 5837 1929 5905 eedharmi
