3984 6534
175 421 228 479 535
862 413 1002 473 loannis
1023 415 1120 473 scoti
1392 412 1399 425 ‘
1746 415 1792 464 aad

173 533 307 595 domolus,
319 529 370 584 boc
380 537 430 593 est,
446 526 566 582 omnium
580 533 777 592 creaturarum,
790 541 858 598 quas
871 528 958 583 omni·
970 537 995 592 Α
1009 530 1104 587 bitror.
1120 529 1156 583 Et
1165 530 1235 600 finis,
1250 529 1346 599 inanit,
1362 530 1389 583 in
1399 526 1515 581 omnibus
1528 524 1570 578 tris
1586 530 1706 576 creatam
1720 534 1791 578 nuta·

172 603 210 681 ”ll
234 619 453 692 flulefflsoenllela
480 617 658 688 58¹¹⁰f³¹¹ll²ffl
677 617 804 687 valleblis
826 617 958 688 adipsum
1009 639 1067 676 rant
1087 639 1139 677 non
1154 631 1256 677 creatae
1276 640 1321 692 per
1339 619 1499 674 dilectionem
1520 615 1667 685 unificans.
1686 613 1791 670 Ourira·

174 721 257 775 Deum
280 713 447 785 perveniens,
473 710 614 781 ipsumque
636 711 665 765 in
691 709 817 765 omnibus
840 719 961 766 cornem-
1009 714 1096 768 calam
1113 730 1232 784 erganos
1253 714 1355 768 diuinae
1367 711 1515 766 elementiae
1522 725 1533 772 ,·
1551 722 1636 761 anam
1655 707 1685 761 id
1704 709 1786 775 ipram·

173 809 258 880 plans.
273 805 356 860 Totus
366 819 481 873 namque
494 804 587 867 horno,
603 811 633 857 ut
651 802 689 857 ait
704 803 772 872 ipse,
789 802 856 858 levis
880 803 959 872 spiri·
1008 820 1057 877 qae
1070 804 1183 858 ostendet
1195 803 1206 836 ¹
1220 801 1360 858 secandam
1379 800 1496 854 traditam
1515 799 1621 868 gratiae
1641 805 1712 851 totas
1724 787 1788 853 dano

174 910 216 957 tus
228 901 335 953 lrrturus
346 904 398 962 est,
414 905 442 951 et
455 896 527 950 nulla
539 896 671 967 gravitate
684 894 818 966 corporali
843 894 869 949 in
889 902 960 950 terra
1010 905 1062 951 toto
1077 896 1375 951 anniversaliterambrias
1389 892 1455 958 deo,
1469 901 1494 946 et
1507 891 1606 962 lactas.
1625 890 1711 946 Omne
1720 893 1785 963 rigni·

172 990 345 1052 detinebitur,
372 1002 461 1059 raeque
483 986 518 1042 ad
542 986 631 1042 caelos
652 986 811 1043 ascensione
835 983 960 1057 probibe-
1009 989 1067 1044 dem
1080 987 1149 1044 Deus
1170 989 1192 1054 ⁸,
1206 996 1307 1058 praeter
1323 984 1519 1040 similitudinem
1543 983 1694 1037 secandam
1714 1000 1783 1038 mar·

171 1087 252 1141 bitur.
281 1081 400 1148 Deinde,
427 1080 536 1151 inquit,
565 1077 740 1149 intelligibilia
775 1086 799 1132 et
828 1076 960 1132 sensibilia
1010 1070 1783 1145 tiant,ettatamipsamaccipieat;abipso’,videiicetl)rm

172 1192 230 1229 cant
252 1175 293 1228 ltis
316 1170 452 1242 copulans,
481 1170 533 1225 hoc
548 1177 600 1234 est,
616 1182 677 1223 cum
691 1166 837 1237 praedietis
852 1172 962 1221 natura·
1009 1163 1181 1218 Deamaelati
1205 1162 1364 1217 ascensionis
1376 1161 1522 1229 praemiata
1541 1161 1631 1228 ipsam
1648 1160 1787 1230 singularit-

172 1280 233 1319 rum
261 1261 480 1326 adunationibus,
507 1275 553 1330 per
578 1260 663 1329 ipsam
686 1259 721 1312 ad
746 1256 852 1328 angelos
878 1259 962 1312 soien-
1010 1254 1105 1307 siniam
1121 1267 1286 1321 possessuras
1300 1250 1391 1314 betam,
1417 1257 1505 1318 utpote
1518 1248 1603 1316 finem
1621 1264 1717 1313 eoram,
1733 1265 1788 1317 gret

171 1357 223 1411 tiae
266 1352 449 1426 aequalitatem
496 1352 631 1420 unificabit
671 1361 840 1416 creaturam,
883 1350 961 1406 simal
1009 1351 1153 1405 moventur,
1179 1341 1317 1405 motionis,
1331 1349 1354 1394 el
1366 1348 1460 1392 statam
1473 1337 1586 1407 firmum
1596 1337 1787 1419 immobilem·

173 1463 274 1503 omnem
313 1455 460 1499 creaturam
485 1460 553 1498 ooo
593 1452 741 1514 soporatam
785 1443 813 1496 io
853 1458 884 1497 oo
921 1458 962 1496 32.
1009 1446 1242 1502 praeeminentiae
1257 1429 1415 1499 [erantarin
1430 1429 1533 1498 ipsam,
1551 1435 1577 1480 et
1594 1427 1788 1495 numantina

172 1538 287 1592 caudam
298 1536 432 1592 seientiam
443 1543 468 1589 et
480 1535 666 1605 ignorantiam,
686 1532 790 1603 aequali
806 1533 854 1587 sibi
864 1532 899 1587 nd
914 1550 962 1588 aa·
1009 1523 1110 1586 'lalllli
1126 1531 1150 1575 ll
1164 1521 1238 1591 ledit,
1252 1520 1409 1590 'timuitque
1423 1517 1636 1588 intellectusque,
1653 1527 1676 1572 tl
1692 1528 1788 1573 Mltttt

172 1629 242 1698 gelos
252 1629 432 1698 indifferenter
443 1626 544 1696 latura,
557 1624 687 1679 rationum
703 1626 730 1680 in
743 1625 795 1690 iris,
808 1641 874 1697 qaae
890 1634 960 1688 sunt,
1009 1608 1641 1682 fittssmssllssmmlmlblbllbm‘llblsslmld‘lffm
1647 1607 1788 1666 widult·

172 1720 288 1790 gnostica
300 1719 423 1784 scientia,
438 1735 484 1790 per
495 1734 574 1788 gaam
585 1718 641 1787 ipsa
655 1733 730 1772 aerae
743 1717 848 1787 sapdiae
858 1716 961 1785 infinita
1045 1723 1071 1778 9,
1086 1723 1127 1777 Ad
1141 1723 1193 1778 hoo
1208 1723 1300 1793 ignor,
1318 1731 1447 1791 quantum
1467 1735 1499 1776 ox
1525 1721 1664 1790 praedicor
1684 1722 1787 1792 magog

172 1812 300 1866 donorum
314 1812 406 1881 effusio
426 1811 617 1881 sarpemenietts,
634 1819 759 1880 quantam
774 1808 816 1878 [as
837 1817 962 1878 estpars
1012 1815 1182 1870 sermonibus
1193 1814 1273 1869 datur
1285 1813 1406 1884 intelligi,
1423 1815 1494 1868 iuter
1506 1815 1704 1884 primordiales
1718 1832 1788 1871 nmio

173 1903 205 1957 de
219 1911 301 1956 cetero
314 1902 396 1970 ipsam
406 1901 475 1956 circa
494 1901 576 1956 Deam
591 1910 616 1955 et
631 1901 779 1956 immediate
790 1899 875 1970 dignis
886 1915 962 1970 prae·
976 1878 999 1938 Β
1013 1920 1109 1960 oaosos
1120 1905 1204 1960 homas
1220 1905 1253 1959 nd
1269 1905 1412 1974 imogioom
1425 1905 1471 1959 [toi
1488 1904 1580 1961 locros
1595 1915 1652 1971 oso,
1668 1916 1699 1962 or
1712 1907 1789 1963 inoffi.

173 2002 225 2048 stat
245 1993 402 2063 incognitam
413 2003 436 2047 et
448 1990 713 2063 ininterpretabilem¹
736 1991 865 2046 notitiam.
878 1987 962 2058 liuius
1012 1997 1054 2051 nis
1071 2004 1194 2051 creatura
1209 2004 1238 2050 et
1250 1995 1423 2065 intelligibilis
1441 2005 1469 2051 et
1492 1997 1648 2062 sensibilis,
1668 1998 1790 2068 exquibus

173 2083 324 2138 sententiae
338 2081 451 2138 altitudo
465 2080 744 2151 incomprehensibilis
760 2079 825 2135 mihi
846 2079 961 2145 videtur,
1011 2086 1093 2143 volort
1119 2085 1233 2143 divorsis
1248 2086 1269 2118 ¹⁰
1290 2086 1506 2143 ogroemjrofflmg
1526 2089 1701 2157 commu„
1726 2106 1789 2144 um,

172 2181 200 2230 et
213 2173 330 2230 maxime
347 2173 392 2230 ubi
407 2173 454 2238 ait,
471 2171 613 2227 secandam
649 2171 784 2225 scientiam
804 2179 828 2224 et
839 2169 963 2240 ignorato·
1013 2178 1190 2249 inseparabile
1216 2177 1303 2246 gofer,
1326 2187 1353 2233 gg
1376 2187 1406 2232 ur
1424 2185 1496 2234 esser
1521 2179 1660 2235 medicus
1686 2190 1758 2250 ,μμ
1774 2181 1788 2212 ιι

173 2269 235 2322 tiam
249 2267 353 2339 aeqaali
362 2267 410 2321 ridi
425 2267 459 2320 ad
470 2265 575 2336 angelos
586 2266 703 2334 gnostica
714 2265 831 2318 scientia.
853 2262 886 2318 Et
907 2278 963 2319 me·
1014 2271 1139 2326 adunatio
1155 2270 1275 2326 onrnium
1289 2280 1485 2324 creaturamm.
1499 2269 1560 2325 Non
1575 2271 1654 2327 enim
1670 2272 1791 2326 ullauea·

173 2359 236 2414 rito.
250 2358 277 2412 ln
291 2357 427 2427 prioribus
439 2358 511 2411 enim
534 2356 571 2409 nil
593 2354 664 2408 aliud
679 2354 821 2408 videbatur
834 2355 962 2420 suasisse,
1015 2371 1074 2417 roro
1087 2372 1136 2429 ooo,
1150 2378 1220 2433 qooo
1236 2364 1262 2418 g„
1277 2364 1386 2419 homine
1399 2363 1511 2432 ingerrrgr
1534 2379 1590 2419 „on
1610 2365 1715 2435 possin
1735 2365 1792 2418 ung,

174 2450 226 2503 nisi
240 2448 360 2503 orrtnium
373 2461 463 2502 rerunt
477 2445 644 2501 sensibilium
661 2453 689 2500 et
709 2444 915 2515 intelligibilium
936 2448 964 2502 in
1014 2456 1094 2507 etiarn
1110 2453 1138 2508 iu
1155 2454 1241 2510 sacris
1268 2453 1416 2524 Scripturis
1430 2454 1519 2509 omnis
1534 2462 1666 2509 ereatura
1679 2452 1792 2509 nominari

175 2537 306 2592 unitatem
320 2534 454 2604 quandam
475 2535 682 2598 adunationem,
700 2532 738 2587 ita
752 2540 782 2587 ut
797 2533 835 2587 nil
856 2548 965 2605 separa·
1015 2543 1091 2597 solor,
1117 2543 1146 2598 lo
1167 2543 1311 2615 Evangelio
1334 2542 1467 2613 siquidem
1491 2543 1628 2613 serrorum
1642 2552 1686 2600 051
1702 2541 1793 2597 ,omo

175 2625 239 2690 bile,
255 2624 292 2680 nil
303 2639 475 2701 corporeum,
489 2624 528 2679 nil
544 2624 646 2678 varium
663 2623 689 2678 in
701 2623 742 2678 eis
755 2632 902 2691 remaneat,
917 2625 965 2681 sed
1015 2632 1101 2687 dicate
1112 2632 1283 2703 Evangelium
1294 2634 1363 2687 omni
1376 2641 1531 2700 creaturae,·
1544 2633 1611 2690 item
1623 2633 1791 2705 indpostolo:
1833 2618 1835 2623 ¹

176 2723 206 2769 ut
220 2714 336 2769 mirabili
347 2713 463 2784 quadam
481 2714 650 2784 regressione
671 2713 798 2770 inleriora
818 2728 925 2786 semper
937 2716 964 2771 in
1016 2724 1107 2781 omnio
1119 2734 1239 2780 creatura
1255 2725 1419 2796 congemino
1434 2734 1456 2780 ,ι
1473 2724 1544 2779 gor„
1568 2725 1590 2757 n
1604 2741 1686 2796 ,ψ
1710 2724 1793 2779 am„

175 2805 313 2875 superiora
324 2803 555 2861 transeantNuuc
565 2818 629 2860 vero
639 2803 730 2860 dicere
740 2805 966 2871 videtur,aduna·
1015 2813 1050 2869 ln
1064 2814 1086 2869 si
1104 2829 1157 2870 ooo
1172 2822 1305 2885 peccaret,
1319 2830 1371 2868 oo„
1387 2823 1460 2869 osser
1478 2815 1505 2869 j„
1523 2814 1794 2878 godgogggogemm
1833 2792 1835 2809 '

176 2894 276 2950 tiottem
288 2894 452 2950 naturalium
467 2893 677 2950 substantiarum
691 2893 702 2926 ⁸
716 2895 744 2950 in
767 2895 905 2951 intellectu
922 2911 966 2952 sa·
1016 2907 1063 2961 son
1081 2905 1249 2962 solummodo
1263 2907 1343 2960 homo
1356 2914 1444 2972 esset;
1466 2920 1520 2960 non
1535 2912 1705 2976 separaretur
1724 2905 1751 2958 in
1768 2919 1796 2958 ea

175 2984 321 3054 lufflm⁰d⁰s
336 3001 390 3042 ¹¹⁰ss
406 2994 495 3042 tillem
510 2987 537 3041 5¹¹
552 2986 617 3057 llils
631 2986 712 3041 iebus
726 2984 738 3016 ⁸
752 3001 823 3054 ⁰⁸⁸0,
848 2987 900 3045 ¹¹⁰0
913 2998 965 3054 0⁸1,
1016 2998 1090 3053 orbis
1114 3007 1247 3054 terraram
1261 3014 1276 3052 a
1290 2997 1428 3061 Paradiso,
1449 2997 1496 3052 sed
1510 2999 1603 3053 onmis
1624 3005 1732 3052 terrena
1755 3011 1794 3050 na·

176 3091 229 3131 non
242 3091 289 3132 eas
300 3093 355 3144 res,
369 3093 498 3148 quaeper
516 3079 716 3149 generationem
738 3080 765 3136 in
789 3081 894 3136 diversa
921 3095 967 3152 ge·
1018 3096 1076 3142 tura
1088 3087 1115 3141 in
1129 3102 1162 3142 eo
1175 3095 1246 3142 esset
1258 3087 1408 3156 paradisus,
1425 3086 1476 3140 boc
1490 3095 1547 3153 est,
1570 3086 1721 3157 spiritualis
1736 3092 1794 3140 terra

177 3181 253 3229 nera,
265 3167 438 3238 diversasque
451 3166 562 3234 larinas,
576 3168 747 3240 infinitosque
757 3170 967 3241 numerosjuxta
1018 3186 1100 3245 atoue
1114 3175 1136 3208 ¹⁸
1151 3175 1335 3240 conversorum
1351 3174 1454 3230 caelum
1472 3181 1500 3229 ct
1521 3176 1639 3230 terrain
1657 3189 1794 3231 canense

178 3253 315 3310 creatoris
328 3257 543 3325 providentiam,
564 3258 757 3329 intelligibilem
780 3261 967 3318 sensibilemve
1018 3276 1202 3341 grogorentur,
1216 3274 1289 3323 totus
1301 3267 1373 3321 enim
1388 3266 1513 3322 caelestis
1529 3275 1613 3331 esset.
1631 3276 1660 3321 ct
1673 3267 1710 3322 nil
1723 3277 1793 3322 tetre·

179 3355 341 3416 acceperunt
354 3346 521 3402 varietatem.
535 3348 594 3404 Non
606 3351 678 3405 enim
689 3352 767 3406 aliter
779 3352 969 3412 adunationem
1017 3375 1098 3425 narn,
1114 3357 1152 3413 nil
1164 3372 1262 3429 grave,
1278 3357 1316 3411 nil
1330 3370 1489 3427 corporeum
1503 3356 1530 3410 iu
1544 3369 1580 3411 eo
1596 3365 1753 3428 apparerem
1762 3368 1794 3410 es·

179 3444 332 3494 creatarum
355 3437 568 3495 substsrttiarum
587 3439 616 3494 in
638 3441 742 3512 angelis
761 3457 821 3499 esse
843 3444 969 3517 intelligi·
1017 3448 1139 3506 scaenim
1152 3454 1180 3502 et
1194 3445 1420 3516 multiplicaretur
1433 3446 1459 3500 in
1471 3460 1629 3513 numerum,
1643 3463 1661 3501 a
1673 3445 1794 3502 conditore

180 3545 252 3594 mus,
267 3528 318 3584 nisi
333 3528 389 3583 sola
403 3530 523 3597 gnostica
539 3531 662 3599 scientia,
675 3548 727 3588 non
743 3543 833 3590 autern
848 3537 967 3606 ipsarum
1019 3540 1058 3595 sui
1073 3539 1257 3610 praefinitum,
1271 3537 1340 3592 sieut
1354 3536 1441 3607 angeli
1456 3546 1485 3593 et
1496 3546 1570 3603 sunt,
1587 3548 1616 3594 et
1642 3534 1794 3609 multiplicati

180 3713 349 3769 cottditarum
362 3713 480 3769 rationes
494 3715 520 3769 in
538 3715 690 3786 semetipsis
703 3718 753 3772 sub
777 3732 831 3774 uno
852 3720 969 3788 quodam
1018 3724 1151 3786 creparet,
1167 3724 1238 3772 totus
1252 3715 1323 3770 enim
1343 3724 1416 3771 esset
1432 3716 1600 3783 intellectus,
1621 3716 1743 3775 Creatori
1754 3728 1794 3770 sun

179 3804 371 3876 intelligentiae
391 3814 483 3861 tenore
500 3815 675 3878 cognoscunt,
701 3809 925 3876 artemadrnodnm
942 3809 969 3864 in
1018 3824 1124 3879 semper
1136 3818 1164 3864 et
1177 3808 1381 3863 immutabiliter
1392 3809 1556 3876 adhaerens,
1572 3810 1683 3867 etnutlo
1696 3811 1795 3864 modos

179 3897 294 3968 quadarn
322 3898 436 3954 hnmana
448 3900 644 3969 sapientissima
660 3900 773 3955 'anima
802 3901 968 3956 diversarum
1017 3898 1235 3971 primordialibus
1247 3898 1303 3954 suis
1315 3897 1415 3964 causis,
1437 3899 1465 3953 in
1489 3899 1588 3968 quibus
1604 3898 1726 3954 conditus
1741 3907 1794 3960 est,

180 3992 277 4044 artium
288 4005 341 4045 una
355 3991 503 4061 eademque
522 3999 550 4046 et
563 3991 574 4023 ⁶
588 3991 774 4061 inseparabilis
788 3992 905 4063 cognitio
915 3999 967 4056 est,
1018 3989 1170 4054 recederem
1187 3988 1275 4044 omnis
1291 3995 1427 4054 creatura,
1444 4003 1514 4057 (guae
1531 3988 1560 4043 in
1577 4003 1611 4046 eo
1623 3988 1732 4045 condita
1749 3996 1792 4050 est,

180 4082 219 4138 ita
233 4090 263 4136 ut
284 4082 445 4153 ignorantia,
471 4084 572 4139 sivein
592 4084 813 4155 angelis-nam
836 4093 967 4140 eteorum
1018 4080 1117 4135 nullam
1141 4080 1299 4136 divisionem
1323 4080 1351 4134 in
1369 4095 1402 4135 eo
1425 4088 1574 4150 pateretur.
1602 4079 1657 4138 Sed
1680 4081 1790 4153 quonian

180 4163 309 4244 qrrosdam
324 4173 441 4230 nondum
456 4174 529 4229 omni
543 4185 671 4246 purgatos
688 4174 840 4246 ignorantia
854 4174 968 4246 legimns
1017 4173 1120 4241 primus
1131 4173 1213 4227 borno
1226 4171 1252 4226 in
1268 4171 1313 4226 tali
1325 4171 1452 4226 felicitate
1464 4186 1627 4243 permanere
1640 4173 1788 4245 neglexerat,

178 4264 324 4321 -sivein
343 4265 619 4332 bortrinibus,nullam
642 4266 856 4338 segregationem
877 4280 967 4322 rerum
1017 4271 1045 4316 et
1058 4262 1092 4316 ab
1103 4274 1135 4316 ea
1153 4259 1331 4330 superbiendo
1353 4259 1466 4326 cecidit,
1491 4269 1519 4316 et
1537 4262 1568 4317 ia
1582 4261 1704 4319 infinitas
1722 4259 1789 4333 parti·

179 4357 270 4422 iaciat,
286 4356 397 4412 scientia
409 4371 473 4413 vero
487 4357 608 4428 gnostica
617 4355 793 4414 'adunationis
807 4371 889 4413 carisa
909 4356 966 4412 ilat.
1018 4353 1105 4410 tiones
1127 4352 1325 4421 varietatesque
1350 4359 1463 4408 naturae
1485 4352 1623 4409 humanae
1645 4354 1732 4410 unitas
1747 4351 1788 4406 dis·

178 4447 331 4504 intellectus
342 4449 414 4504 enlm
430 4461 520 4504 rerum
537 4449 671 4506 veraciter
683 4449 757 4519 ipsae
774 4461 819 4503 res
837 4456 909 4511 sunt.
923 4447 966 4503 di·
1016 4452 1158 4516 marest,
1173 4443 1263 4497 divina
1276 4442 1418 4499 demenda
1429 4445 1710 4515 assumpsit¹⁸norum
1721 4442 1787 4501 boui·

178 4548 258 4595 ccnte
270 4549 363 4595 sancto
375 4540 520 4612 Dionysio:
534 4541 651 4612 cognitio
664 4556 766 4605 rorant,
778 4557 845 4610 garae
854 4547 925 4604 sant,
935 4555 966 4593 ea
981 4548 1091 4624 Dnem,
1106 4532 1133 4588 in
1145 4547 1198 4602 quo
1213 4532 1271 4603 ipsa
1286 4541 1394 4599 natura,
1410 4533 1517 4603 quaein
1529 4536 1618 4591 veteri
1634 4531 1786 4592 uenandis

178 4640 327 4700 generant,
343 4640 396 4697 ert;
421 4631 468 4686 sed
488 4631 560 4702 ipsas
575 4629 763 4701 primordiales
786 4645 849 4685 suas
871 4643 968 4685 causas
1019 4627 1119 4700 pertita
1133 4635 1192 4690 est,
1216 4627 1249 4680 ad
1267 4624 1406 4696 pristinam
1422 4627 1553 4680 unitatem
1573 4634 1752 4684 mromretur:
1765 4622 1785 4674 in

180 4719 351 4789 rationesque
368 4723 395 4776 in
409 4720 599 4778 adunationem
624 4723 760 4791 quandam
772 4721 878 4778 actione
892 4719 969 4776 intel·
1020 4720 1119 4776 inundo
1132 4719 1165 4774 de
1180 4718 1290 4782 mundo,
1303 4718 1355 4772 ltoc
1366 4726 1418 4783 est,
1432 4717 1513 4773 bomo
1524 4732 1560 4773 ex
1573 4719 1726 4775 bominibus
1735 4727 1785 4784 pra·

180 4807 317 4878 ligentiac,
339 4823 391 4864 non
411 4817 543 4866 aummre
561 4812 618 4882 ipsa
639 4811 739 4881 colligi.
763 4810 966 4883 Verumprius·
1018 4818 1079 4882 pter
1102 4809 1225 4865 immines
1257 4808 1331 4862 nasci
1363 4807 1512 4863 constitnit.
1538 4806 1610 4866 ilinc
1632 4808 1698 4865 idem
1717 4804 1786 4861 llari·

181 4910 261 4965 guam
281 4896 314 4950 ad
333 4897 412 4965 huius
433 4900 596 4968 qrraeniouis
618 4903 748 4958 theoriam
767 4903 965 4973 perveniamus,
1018 4912 1099 4955 mus:
1116 4897 1245 4964 Quoniam
1257 4897 1354 4967 itaque,
1369 4896 1465 4966 inquit,
1482 4899 1651 4965 nataraliter,
1665 4904 1785 4953 marran

182 4987 203 5043 si
218 4988 253 5043 de
269 5002 300 5042 ea
316 4989 380 5057 quid
397 4989 554 5058 dicendum,
569 4995 722 5063 praedictae
734 4995 904 5052 adunationis
926 5009 967 5050 re·
986 5060 989 5067 Ι
1017 4999 1067 5056 est,
1078 4989 1147 5044 eirca
1157 4986 1317 5042 immutabile
1330 4988 1642 5061 propriamprinripiant,
1652 4989 1784 5044 &oanan

182 5094 241 5134 rum
254 5080 400 5137 secuadum
416 5079 562 5138 blaxirrmm
582 5085 689 5141 residua
711 5085 824 5142 dicenda
844 5100 906 5142 esse
920 5101 966 5142 ar·
1017 5082 1112 5147 Deam,
1127 5079 1203 5135 boam
1218 5094 1269 5132 noa
1287 5086 1326 5133 θεῖ
1344 5086 1446 5143 motam
1461 5079 1532 5134 vites
1545 5095 1607 5136 wo
1620 5096 1663 5146 ω,
1676 5093 1736 5151 Μ
1750 5069 1785 5128 “l

813 5190 940 5255 vamur:
957 5190 1157 5253 ascalonas.

219 5311 567 5401 'liinterpretalilemgan
586 5310 885 5383 lietintrrpretalilem.
934 5306 1006 5364 'Sic
1023 5304 1085 5386 ΕΙ),
1102 5298 1338 5382 det'secundum.
1385 5295 1459 5354 ⁸Sic
1473 5295 1731 5380 cinanmomum
1742 5292 1787 5349 ml·

182 5385 354 5443 stantialiam.
404 5383 788 5450 ‘sinemurensem
826 5377 1007 5444 'sicema
1026 5381 1216 5444 sapientissima
1232 5369 1358 5422 batratano.
1396 5366 1443 5423 ‘et
1465 5383 1521 5421 om.
1544 5366 1577 5420 li.
1615 5366 1686 5448 '‘Stc
1708 5362 1785 5441 (ΞΜ

183 5458 341 5514 ostendetur.
379 5455 451 5511 ⁸Sic
473 5454 532 5520 ΕΙ),
581 5452 728 5510 radcard
745 5454 850 5508 dicitnr.
888 5440 1305 5512 'eramusmaerore
1355 5437 1378 5471 ¹⁰
1393 5436 1517 5502 sialiter
1543 5437 1680 5518 aaronis.
1718 5436 1737 5469 ¹¹
1753 5434 1787 5508 Sat

182 5527 279 5593 Cimb
299 5536 333 5582 at.
390 5527 412 5559 ¹¹
427 5468 581 5592 sicaml
601 5525 744 5595 ingemiscit
765 5522 925 5594 etportarit.
980 5516 1061 5573 ¹’Sic
1081 5512 1144 5578 clm
1164 5518 1235 5564 terro
1257 5520 1333 5578 atate
1355 5522 1409 5562 om.
1434 5507 1468 5563 d.
1523 5504 1786 5573 “samonungun

184 5595 308 5654 ⁰¹¹¹'CD‘
933 5653 1058 5712 nomn.

188 5827 194 5841 ⁸
220 5759 281 5813 ιΔ
298 5744 338 5818 aa
350 5773 436 5831 marg.
459 5756 549 5816 adres.
568 5753 620 5812 ldie
634 5753 787 5828 ¹approbare
809 5749 995 5809 adunationem
1005 5745 1121 5803 omniam
1134 5760 1185 5800 non
1199 5741 1284 5799 roiam
1297 5740 1477 5814 intelligentia,
1495 5753 1541 5797 tea
1555 5751 1579 5796 et
1593 5744 1678 5813 reipsa
1688 5742 1787 5812 {mama

184 5839 284 5893 tnamt.
