3984 6534
343 329 416 401 usto
999 313 1302 394 nunrumrsenu
1921 323 1974 384 tm

349 469 423 520 mur,
440 456 546 527 qnando
560 450 683 511 uidelicet
700 444 1246 523 tnemtesn,qoae·apennstmcte1us
1263 448 1464 519 translil'super
1481 446 1598 516 temno,
1614 448 1681 503 dum
1698 447 1831 505 ridelioet
1846 457 1932 508 contra
1943 452 1975 508 d

351 545 507 602 dominicus
530 557 596 615 ager
615 544 788 615 appellatur,
812 546 932 610 arictore¹
944 539 1050 604 Pbotio,
1067 554 1137 594 nora
1186 541 1278 594 vinam
1292 540 1498 606 ordintdlonem,
1514 538 1628 596 conisus
1646 538 1675 594 in
1689 536 1770 594 beati
1782 537 1857 595 l‘etri
1868 541 1979 613 principis

351 634 525 706 presumptio
536 643 564 691 et
577 634 696 690 inaudita
709 642 750 689 est
764 641 823 688 orta
835 632 982 688 temeritas.
997 630 1137 701 Siquidem
1188 632 1370 702 apostolorum
1393 641 1512 703 primatu
1536 631 1735 702 dispositam,
1760 631 1864 700 putridi
1883 636 1979 706 gorgini

351 727 397 783 bio
408 726 531 793 Photide,
551 742 614 782 cum
634 726 723 782 adbuc
739 726 892 781 mundanus
911 724 1035 779 minister
1051 730 1136 787 essct,
1188 731 1282 793 guttur
1296 719 1415 794 aperuit,
1435 724 1463 779 'et
1477 722 1615 778 adversus
1632 722 1768 794 ejttsdern
1785 725 1863 797 regui
1875 726 1980 786 mesti

351 815 495 887 genuinam
517 815 715 886 quodammodo
736 828 844 885 semper
861 813 989 868 invidiam
1008 812 1138 867 adsersus
1188 811 1316 883 clauigeri
1331 813 1505 884 apostolicam
1524 812 1636 880 sedem,
1650 823 1683 870 et
1697 812 1869 885 praeeipuam
1881 830 1981 876 aesn-

351 908 465 964 t'ratrem
480 918 509 965 et
521 909 710 979 coepiscopum
724 917 847 964 nostmm
861 906 994 978 lgnatium
1005 905 1140 961 Constan·
1190 918 1262 959 mam
1274 894 1434 975 dignitatem
1447 913 1474 960 et
1487 894 1672 974 potestatem,
1693 895 1824 977 lingnam
1837 922 1911 966 narr
1921 925 1984 968 nnn

352 995 559 1068 tinopolitauum
583 997 767 1068 patriarcham
791 998 819 1053 in
839 1006 950 1067 pectore
970 1003 1096 1067 gestans;
1112 1002 1140 1050 et
1190 988 1332 1064 serpentis'
1352 993 1476 1060 ehcnitr
1499 995 1589 1049 vitam
1622 993 1740 1050 sctboet
1765 995 1914 1055 dcem
1939 1002 1982 1056 aei

348 1087 386 1141 ad
407 1086 567 1156 praesulatus
592 1085 698 1142 culmen
727 1101 781 1143 uon
801 1086 952 1157 gradatim,
974 1084 1017 1140 uei
1038 1085 1139 1141 sensim
1190 1085 1276 1140 beatae
1300 1083 1495 1140 recordationis
1517 1092 1600 1154 papae
1623 1084 1742 1140 Nicoiai
1769 1084 1903 1145 laem
1924 1091 1983 1148 nh

351 1178 544 1243 conscendere,
558 1176 605 1232 sed
620 1177 802 1248 praecipitibus
815 1191 848 1232 eo
861 1177 1005 1248 superstite
1017 1175 1141 1248 passibus
1190 1175 1273 1229 modo
1285 1184 1419 1240 metuens,
1433 1189 1484 1231 nec
1496 1176 1590 1240 nobis,
1603 1176 1653 1246 gni
1668 1175 1739 1245 eins
1749 1175 1800 1232 ris
1812 1178 1886 1250 digni
1897 1178 1982 1250 bum,

351 1265 490 1321 transilire
512 1265 643 1335 gestiens,
658 1266 834 1336 semetipsum
850 1265 885 1320 ab
901 1265 1021 1336 ejusdem
1039 1265 1138 1320 beatis-
1191 1273 1287 1320 utnon
1306 1265 1395 1320 dicam
1415 1280 1557 1336 sequaces,
1578 1267 1765 1328 exstitimus.
1783 1277 1895 1339 parcere
1907 1284 1984 1330 ne*

351 1353 414 1409 simi
435 1353 557 1424 praesulis
574 1354 763 1409 communnione
784 1348 848 1410 iecit
861 1362 1141 1423 extraneumaetper
1191 1369 1244 1424 que
1259 1355 1440 1420 consentiens,
1458 1355 1506 1410 sed
1521 1365 1661 1426 utrosque
1685 1351 1850 1416 maledictis
1868 1362 1982 1434 impetur,

351 1443 404 1499 boe
421 1441 455 1496 ab
467 1441 613 1496 uniuersali
625 1437 759 1506 Ecclesia,
773 1443 833 1510 gub
855 1442 905 1511 ipsi
919 1442 1078 1497 beatissimo
1092 1452 1141 1512 pa·
1191 1453 1320 1512 quantum
1345 1444 1371 1499 in
1393 1443 1494 1511 seiuit‚
1516 1453 1545 1501 et
1567 1445 1757 1517 blasphemis
1784 1450 1895 1508 inlicere
1913 1451 1983 1512 nris

350 1531 479 1587 triarcbae
497 1531 729 1597 communicabat,
743 1546 773 1586 se
789 1531 908 1586 reddidit
922 1532 1032 1601 prorsus
1047 1545 1141 1587 ersor-
1190 1531 1360 1597 existimans,
1382 1530 1509 1588 salsitatis
1530 1534 1683 1605 praestigia
1705 1535 1817 1608 tingere
1835 1547 1981 1610 mustum

352 1631 419 1688 tem,
435 1630 517 1692 atque
531 1622 604 1676 inter
619 1622 808 1678 schismaticos
823 1621 918 1692 procul
933 1621 1015 1678 dubio
1037 1623 1140 1679 consti·-
1191 1619 1284 1673 nescio
1306 1634 1367 1689 quse
1379 1610 1534 1691 Pytbonica
1558 1631 1607 1678 est
1629 1626 1753 1681 somnia
1773 1627 1820 1684 rei
1842 1643 1978 1701 argum,

351 1719 438 1777 tutus,
458 1718 554 1767 contra
573 1724 666 1766 saeros
689 1710 852 1781 apostolicos
867 1725 986 1767 canones
1004 1710 1141 1767 saeculari-
1192 1707 1363 1776 compilando
1386 1708 1480 1779 probol
1500 1710 1598 1777 dubio,
1626 1723 1860 1774 commentatus.
1881 1719 1911 1775 Et
1927 1733 1979 1779 m

349 1799 403 1858 bus
416 1816 480 1857 usus
492 1802 688 1871 potestatibus,
703 1801 851 1857 Ecclesiam
868 1801 1142 1876 Constantinopolita-
1156 1795 1179 1855 B
1192 1795 1254 1866 duis
1267 1795 1314 1852 ille
1324 1795 1406 1853 Palen
1418 1807 1521 1863 noster,
1534 1798 1583 1854 Vel
1602 1810 1742 1870 emulus
1760 1812 1814 1860 ant
1826 1807 1909 1877 omns
1921 1811 1978 1865 ssd

349 1896 414 1947 narn
429 1890 569 1962 tyrannica
582 1900 610 1946 et
622 1890 772 1947 adulterina
787 1891 939 1947 temeritate
950 1892 1069 1963 peruasit
1082 1900 1142 1946 tan-
1191 1887 1266 1952 terit,
1284 1902 1379 1944 omues
1396 1889 1442 1960 qni
1457 1904 1566 1946 morum
1584 1891 1651 1963 clos
1668 1893 1814 1966 insignia,
1828 1890 1868 1954 ist
1882 1899 1974 1957 iirtnn

348 1979 425 2041 dem,
440 1979 565 2035 videlicet
581 1979 700 2036 indebita
719 1981 885 2052 usurpando,
900 1980 973 2037 toras
984 1981 1140 2046 ostendens,
1193 1983 1299 2057 tropea,
1308 1968 1438 2041 recolitis,
1449 1977 1558 2049 plenius
1574 1983 1764 2053 agnovistis3
1786 1991 1914 2059 quomoda
1925 1984 1973 2048 ἡ

351 2068 423 2138 quod
447 2068 520 2123 intus
542 2067 678 2138 prohibita
703 2058 929 2140 concupiscendo,
951 2069 1043 2126 'cordis
1062 2076 1142 2124 antro
1191 2071 1237 2123 c'et
1254 2061 1376 2138 inbdus
1392 2069 1454 2125 tetri
1470 2069 1630 2142 caliginoso
1651 2076 1761 2133 saeculi
1776 2084 1860 2136 curm
1876 2079 1974 2138 mass

351 2159 483 2230 gerebat,
504 2166 533 2214 et
554 2159 734 2215 simulationis
753 2159 887 2214 velamine
912 2159 1083 2230 contegebat,
1104 2159 1142 2214 nil
1192 2158 1254 2215 dem
1274 2161 1345 2217 sicut
1364 2178 1462 2221 norum
1485 2164 1564 2221 sidus
1585 2172 1779 2238 apparuerit,
1800 2176 1973 2248 quiriniana

349 2262 412 2304 esse
436 2246 558 2317 proiecto
588 2247 701 2319 intelligi
726 2247 796 2304 dans
819 2261 929 2303 causam
960 2248 1099 2304 scissionis
1125 2256 1142 2303 a
1192 2247 1311 2306 Phoebus
1337 2251 1363 2306 in
1386 2252 1486 2308 aetbcre
1507 2269 1567 2324 prae
1593 2259 1719 2316 eunctis
1749 2265 1837 2320 astris
1865 2266 1971 2335 &abab

350 2338 503 2410 patriarcba
525 2353 595 2405 suo,
621 2337 662 2395 vel
691 2339 805 2394 deserte
825 2339 1023 2427 communionis
1046 2353 1063 2394 a
1085 2331 1143 2396 to’ta
1192 2340 1327 2409 quomodo
1339 2339 1412 2396 bone
1429 2355 1481 2398 nec
1499 2341 1606 2400 blanda
1620 2361 1756 2420 quaque
1778 2336 1973 2429 lnngerepui·

351 2430 483 2494 Ecclesia,
507 2429 559 2485 nisi
581 2429 715 2500 pessimos
738 2429 873 2486 anbelitus
896 2429 1032 2487 ambiendi
1053 2431 1143 2501 ponti·
1192 2426 1258 2491 rint,
1278 2442 1329 2482 nec
1346 2443 1442 2497 aspera
1467 2434 1658 2505 perturbare;
1688 2436 1839 2509 gnomone
1857 2437 1925 2502 effi
1940 2462 1972 2504 ,g

352 2521 448 2575 tieatus
468 2517 582 2584 insulas,
605 2526 633 2573 et
656 2519 821 2574 sublimioris
841 2519 980 2575 obtinendi
1005 2521 1143 2592 dignitatis
1192 2517 1283 2573 mnndi
1295 2518 1474 2589 principibus,
1485 2519 1618 2580 llicbaeii
1633 2527 1755 2586 scissent
1770 2532 1972 2593 obsidatur

346 2618 380 2665 et
403 2609 546 2679 potestatis
569 2610 709 2676 babcuas:
740 2611 839 2680 quibus
860 2611 995 2691 nimirum?
1015 2614 1142 2685 deinceps
1190 2603 1324 2674 iuifififfl
1344 2606 1455 2675 saleriis
1476 2615 1546 2680 illie
1569 2613 1733 2686 nimirum,
1752 2635 1785 2678 se
1805 2640 1971 2699 muronmps

352 2702 472 2765 abusus,
493 2705 654 2770 strepente
676 2716 729 2756 non
755 2710 845 2758 mente
867 2702 914 2757 sed
938 2703 1031 2759 babitu
1054 2713 1143 2759 muta·
1192 2695 1651 2773 ¹¹⁰¹¹⁸1³f⁰d⁰¹¹l⁰⁰⁰ffll¹¹b82pe
1674 2709 1970 2783 redarguit,ctlis'ui·

352 2800 407 2855 sus,
427 2789 521 2846 sessus
545 2799 572 2846 e
587 2789 692 2846 neena
706 2789 874 2857 strennua,
896 2792 943 2848 seu
956 2801 1098 2850 somnes
1114 2794 1141 2850 n
1192 2794 1245 2851 que
1264 2781 1408 2855 'egmnus
1430 2785 1594 2858 tenuasse
1619 2792 1775 2868 inuentae
1797 2804 1897 2859 mnus.
1917 2805 1969 2876 uns

350 2878 453 2934 Cbristi
475 2879 631 2935 sacerdotes
650 2887 679 2935 ct
697 2887 810 2936 ceteros
829 2879 933 2947 tideles,
949 2889 990 2937 tot
1002 2895 1034 2938 nc
1051 2874 1141 2939 tantas
1191 2870 1358 2929 (issaefisslmi
1378 2874 1477 2932 “³²¹0ss
1493 2886 1522 2932 0²
1539 2878 1614 2947 filil,
1644 2890 1837 2949 considerate
1852 2897 1970 2966 quidne

351 2965 452 3034 intulit,
471 2976 502 3022 ut
515 2968 676 3025 Diocletiani
694 2971 827 3027 enutriam
851 2971 951 3028 imitari
975 2987 1024 3042 per
1050 2973 1141 3029 omnia
1192 2959 1345 3030 ¹¹¹¹J¹¹⁸¹¹¹⁰dl
1365 2963 1517 3022 &mmm
1532 2969 1571 3024 ⁸¹²
1593 2973 1684 3031 ¹¹⁰¹)ss
1708 2982 1915 3050 ’effldssfflslds
1928 2985 1970 3054 Ν

350 3056 499 3112 rideretur.
523 3055 638 3129 Propter
649 3063 711 3128 nuae
728 3057 771 3114 uel
784 3056 827 3115 bis
841 3058 940 3115 similia
960 3068 1061 3116 sancta
1085 3069 1142 3115 me·
1161 3087 1170 3095 ·
1191 3051 1226 3108 de
1240 3055 1418 3112 conciliabulo
1429 3056 1485 3124 5¹¹⁰,
1497 3058 1541 3114 tel
1556 3064 1699 3130 protasis
1713 3070 1807 3140 ipsius
1821 3076 1969 3146 adoperti

275 3211 276 3214 Ἴ
351 3146 445 3201 moriae
462 3146 589 3203 decessor
606 3161 682 3203 meus
696 3146 824 3204 Nicolaus
835 3148 916 3218 hujus
929 3149 1084 3220 apostolice
1099 3131 1177 3206 sec
1192 3148 1335 3206 nisterium
1347 3160 1469 3208 nostrum
1486 3155 1605 3224 existat,
1624 3159 1694 3219 tore
1709 3165 1917 3234 deliberandum,
1927 3168 1967 3240 pl

349 3235 392 3290 cns
405 3235 529 3303 antistes,
543 3235 660 3294 iraterna
676 3238 763 3294 vintrus
775 3239 917 3305 ebaritate,
932 3240 1020 3311 primo
1033 3241 1141 3311 quidem
1190 3237 1275 3318 etiam
1288 3238 1323 3295 de
1336 3239 1371 3297 iis
1382 3241 1427 3312 qui
1442 3241 1645 3315 interfuerunt,
1663 3254 1717 3309 vet
1731 3273 1818 3313 manu
1829 3259 1967 3331 „mpsim

350 3333 404 3385 non
428 3329 512 3385 solum
536 3343 586 3400 per
606 3331 723 3398 missos,
753 3331 801 3387 scd
820 3339 848 3387 et
868 3342 917 3402 per
939 3331 1044 3388 litteras
1066 3332 1141 3387 illum
1190 3327 1373 3398 scripserunt,
1395 3331 1436 3388 sic
1458 3333 1494 3389 ab
1516 3339 1720 3399 unanimitate
1745 3350 1868 3406 omniurn
1884 3358 1965 3406 nmen

349 3421 448 3476 merito
474 3421 691 3488 reprebendens,
720 3431 905 3493 'competenter
928 3424 1090 3492 admonuit,
1113 3432 1141 3481 et
1190 3416 1383 3487 definiendum.
1403 3422 1506 3479 intente
1525 3433 1665 3497 tractate,
1682 3433 1717 3489 et
1730 3431 1822 3495 libere
1837 3435 1964 3512 singulm

350 3511 424 3566 nollo
447 3526 478 3567 se
502 3520 582 3582 pacto
599 3512 627 3566 in
642 3501 701 3583 ejus
726 3527 807 3582 posse
828 3515 998 3585 promotione
1020 3518 1142 3586 prebere
1190 3507 1297 3563 ”diliis
1316 3510 1424 3566 edicite·
1442 3512 1498 3583 ligo
1516 3514 1615 3572 tamen
1628 3517 1688 3590 pro
1708 3524 1776 3598 lege
1790 3529 1848 3595 liei,
1860 3525 1964 3600 propala

348 3606 525 3661 consensum,
541 3598 650 3668 seriptis
674 3598 779 3654 idoneis
801 3599 938 3671 patefecit.
963 3601 1064 3658 Deinde
1077 3609 1141 3660 vero
1190 3594 1234 3651 ¹²¹⁸
1255 3599 1448 3658 &timendis
1469 3603 1640 3677 militibus,
1669 3622 1730 3683 pro
1745 3623 1909 3677 reiteratione
1923 3627 1963 3690 ιιι

348 3687 457 3743 intuens
477 3687 545 3743 nibil
567 3701 596 3743 se
614 3687 763 3756 prolicere,
785 3689 832 3744 sed
846 3689 932 3761 magis
952 3700 985 3746 ac
1003 3693 1090 3763 magis
1106 3695 1141 3750 ad
1189 3685 1330 3754 stolorum,
1344 3704 1394 3760 pro
1406 3692 1556 3764 privilegiis
1571 3697 1775 3764 defendendis
1792 3713 1862 3768 satis
1875 3714 1962 3783 ipsum

347 3776 478 3833 ulteriora
490 3775 549 3846 cius
561 3775 671 3831 extendi
685 3777 866 3857 tyrannidem,
880 3778 1043 3835 auctoritate
1057 3781 1139 3836 simul
1189 3775 1292 3849 pinque
1314 3788 1416 3837 sancte
1434 3785 1584 3843 mentionis
1604 3790 1780 3857 decessoris
1801 3804 1854 3859 mei
1872 3799 1963 3875 p‘ap'alls

348 3864 439 3922 ditiua
461 3872 490 3919 et
513 3863 660 3935 apostolica
685 3863 787 3928 iretur,
811 3865 1072 3936 sedisapostolicae,
1096 3870 1139 3925 cui
1189 3859 1259 3922 colai
1276 3867 1446 3938 predicanda
1470 3879 1619 3946 memoria,
1636 3886 1669 3939 et
1688 3893 1873 3960 sequentinm
1887 3886 1961 3953 ,m

346 3951 520 4023 presidebat,
539 3950 698 4022 pontillcum
718 3965 822 4008 morern
842 3961 963 4020 secutus,
978 3955 1139 4028 inprompto
1188 3961 1270 4025 atque
1289 3955 1458 4032 celebrandis
1480 3955 1714 4042 delinitionibus,
1739 3976 1799 4038 imp
1819 3963 1898 4040 „im
1915 3981 1961 4036 m

347 4041 456 4107 boiens,
471 4041 616 4096 secundum
626 4041 794 4113 Apostolum,
808 4049 910 4098 ornnem
924 4043 1017 4099 ulcisci
1031 4049 1139 4118 promiti
1188 4043 1358 4104 inbommdda
1379 4053 1491 4123 perpeti,
1512 4060 1613 4114 uerum
1636 4062 1732 4123 etiam
1755 4087 1835 4129 mon
1852 4083 1961 4131 mnu

347 4131 551 4187 inobedientiam
566 4130 610 4205 (ll
627 4130 689 4188 Gor.
708 4133 756 4205 r);
780 4136 851 4192 inuno
870 4135 905 4192 ad
920 4138 1084 4214 erectionem
1104 4140 1139 4198 ab
1187 4135 1416 4204 pmdeoesooru'm
1434 4152 1556 4199 meorum
1571 4152 1754 4217 pontilicnm
1775 4160 1804 4215 in
1817 4161 1962 4232 promptae

347 4235 382 4276 co
393 4220 532 4288 elisorum,
548 4229 575 4277 et
589 4221 824 4279 innumerabilium
843 4219 1013 4294 rolrigerium
1026 4219 1139 4284 alliictn-
1187 4223 1413 4292 marincense
1427 4230 1472 4294 sit,
1486 4233 1585 4290 mortis
1601 4241 1757 4302 sustinere
1772 4249 1913 4306 discrimen.

348 4327 420 4378 ruru,
433 4311 550 4383 regulari
570 4312 714 4377 sententia,
727 4313 800 4382 quia,
813 4312 884 4367 sicut
904 4313 955 4382 ipsi
969 4314 1065 4380 nostis,
1078 4328 1139 4371 cor·
1542 4342 1618 4402 m·

349 4403 437 4474 rigere
456 4417 509 4456 nou
522 4401 620 4471 potnit,
634 4401 794 4470 deponendo
812 4403 967 4504 prostrauit,
982 4415 1010 4458 ct
1025 4406 1153 4462 nnatbe'
1259 4428 1294 4481 gg
1307 4433 1461 4489 mmm„
1483 4449 1729 4501 mmmmm
1759 4458 1915 4509 mem

348 4489 503 4547 rnatizando
520 4491 554 4545 ab
568 4489 675 4555 ordine,
698 4504 778 4560 quem
797 4489 910 4546 latronis
931 4506 1006 4547 more
1026 4495 1138 4551 sortitus
1438 4515 1526 4592 (Anno
1544 4527 1625 4600 353.)

349 4580 447 4646 lueriis
470 4580 658 4650 sequestfilli·
677 4577 760 4650 culus
774 4578 813 4635 ‘53
827 4581 915 4650 ssfffla
938 4581 1010 4637 idem
1024 4582 1137 4642 Ph⁰¹i¹¹⁸
1187 4592 1358 4667 Cornmendot
1375 4614 1416 4668 illi
1434 4614 1569 4672 ecclesiam
1592 4622 1826 4700 Laodnncrtcenr,
1840 4639 1895 4691 dam
1906 4637 1960 4690 dtu·

349 4674 541 4737 inflammatus,
556 4686 609 4725 non
624 4669 711 4726 solum
727 4678 835 4727 nonest
857 4673 1028 4729 reversusad
1043 4688 1138 4743 percu·
1223 4683 1313 4735 mores
1336 4685 1422 4752 episco
1441 4703 1471 4740 ns
1501 4687 1618 4745 liemam
1653 4702 1733 4754 verrit
1758 4705 1958 4760 :Naris-aun

349 4763 462 4816 rientem
477 4774 516 4825 se,
531 4758 659 4814 nimirum
673 4757 718 4828 qui
733 4758 825 4814 durior
839 4758 914 4815 silice
930 4761 980 4816 nec
995 4761 1063 4817 dura
1078 4761 1137 4818 tei·
1224 4765 1293 4816 ΜΘ,
1309 4752 1361 4806 '15⁸²'
1383 4703 1472 4810 aigum
1497 4759 1634 4828 milleni.
1660 4775 1959 4845 excommunicem

350 4851 414 4905 bera
430 4850 525 4914 sensit,
547 4859 577 4904 et
596 4849 716 4904 imitatus
738 4849 884 4916 diabolum,
900 4865 950 4907 nec
966 4860 1107 4925 postquam
1121 4861 1137 4910 e
1223 4859 1361 4918 bantinus
1376 4864 1527 4935 episcopus,
1549 4871 1652 4928 servus
1684 4885 1835 4939 seruorum
1852 4885 1959 4948 licimo

349 4939 419 4996 coelo
439 4939 547 5004 cecidit,
568 4939 709 5009 superbire
730 4940 857 5005 cessauit,
872 4954 964 4996 rerum
979 4944 1059 4998 etiam
1073 4955 1138 5000 cou-
1187 4951 1343 5007 rentissirno
1355 4960 1383 5008 et
1394 4957 1565 5014 sanctissimo
1578 4962 1723 5025 confratri
1749 4983 1844 5030 nesam
1855 4974 1959 5030 tirum

349 5028 483 5086 lembuli
500 5028 677 5098 minimum
692 5043 764 5098 Seii>e
779 5044 956 5100 e⁰¹¹iili³tl³¹¹⁵s
972 5045 1136 5104 sinagogam
1187 5041 1390 5114 archiepiscopo
1401 5042 1547 5104 narmensi

349 5119 522 5192 sanguinum,
533 5117 577 5172 cui
593 5123 622 5171 ut
635 5116 760 5185 princeps
779 5115 912 5172 latronum
929 5117 985 5187 ipse
999 5124 1135 5190 presedit,
1220 5114 1352 5187 llluslrern
1379 5125 1551 5191 ilincrnarurn
1577 5129 1802 5213 Lugdunensem
1827 5155 1956 5222 sobmon

349 5210 515 5284 collegittet
538 5216 602 5264 ante
624 5207 744 5277 quidem,
760 5217 790 5263 ut
807 5208 971 5265 sevissimus
993 5213 1134 5281 patricida,
1185 5219 1318 5277 desiderio
1341 5222 1510 5280 visendorum
1523 5237 1689 5289 sanctorum
1706 5201 1887 5308 sposwpof'u
1907 5238 1955 5294 gp.

349 5312 454 5375 patrem
477 5314 556 5357 suurn
576 5293 707 5369 ignatium
741 5298 994 5357 reverendissimum
1020 5305 1135 5373 patriar·
1186 5329 1250 5368 num
1277 5313 1461 5383 anhelantem,
1477 5326 1504 5372 et
1530 5317 1653 5379 libenter
1679 5331 1953 5403 amppcfimumut·

348 5395 428 5452 elram
440 5393 579 5465 proprioru
596 5388 719 5462 perculit,
731 5400 759 5447 et
770 5392 804 5445 ad
817 5392 904 5447 luceru
916 5395 1068 5464 peruenire,
1084 5397 1134 5452 nisi
1185 5413 1293 5459 reustum
1309 5405 1380 5466 iilius
1390 5422 1442 5462 non
1453 5408 1540 5464 solum
1551 5413 1788 5488 nnndid'erimus,
1799 5440 1885 5479 rerum
1895 5421 1950 5477 etia·

349 5486 528 5543 exstinctione
546 5483 677 5555 parentis,
693 5495 772 5553 posse
785 5481 941 5554 desperans,
957 5485 1029 5542 bunc
1050 5487 1135 5544 instar
1184 5493 1299 5550 neultra
1324 5495 1456 5552 liniendas
1479 5498 1594 5571 Augusti
1610 5512 1691 5562 stare
1717 5513 1827 5572 audeat.
1851 5511 1950 5584 gnritrte

349 5577 449 5632 atmcis
465 5577 563 5646 vipera
582 5575 715 5646 perimere
733 5574 836 5630 erudeli
852 5590 943 5632 morsu
961 5592 1014 5632 riou
1029 5580 1133 5634 metuit.
1184 5584 1341 5654 apostolica,
1352 5588 1471 5645 scientes
1484 5589 1559 5644 illurn
1575 5593 1625 5648 tali
1641 5608 1713 5655 roto
1724 5603 1876 5672 spiritaliter
1895 5611 1948 5670 pose

349 5660 412 5719 l’ost
433 5664 491 5720 bne
510 5676 575 5718 uero
592 5664 681 5732 posuit
702 5664 728 5718 ln
742 5665 841 5721 coelunt
855 5679 885 5722 os
899 5677 986 5733 suum,
1001 5681 1027 5722 et
1043 5666 1133 5742 lingua
1184 5669 1326 5743 prolicere,
1339 5676 1522 5745 probibemus.
1539 5677 1611 5738 ilrtic
1627 5698 1698 5757 erge
1709 5690 1738 5746 in
1755 5692 1887 5758 cenicum,
1899 5687 1945 5742 orti
