3984 6534
336 393 391 455 bid

1006 399 1147 458 tonnus
1168 399 1264 455 scon
1559 364 1562 369 ’
1916 403 1961 463 su

337 510 457 567 mediate
478 520 537 580 post
563 510 646 566 Derim
664 510 774 581 incipit,
807 511 944 582 usquead
974 522 1128 566 extremum
1143 520 1235 580 Atera
1262 513 1396 585 leguntur,
1428 516 1597 587 apertissime
1618 517 1734 583 referri,
1774 516 1840 571 andi
1862 518 1959 576 eaedem

336 605 471 675 gradatim
483 606 716 672 desccmlentilms,
731 608 911 678 quodcunque
924 608 991 663 ordo
1001 607 1126 678 superior

336 696 365 751 in
379 694 499 749 inferiorl
518 710 547 749 se
561 693 656 750 ordine
669 696 778 765 propria
791 697 908 766 quadam
921 697 1026 751 actione
1039 696 1126 752 aderti-

335 783 491 840 nistrarerit
517 792 599 854 atque
616 785 771 856 perfecerit,
791 789 842 842 boc
866 795 952 841 totum
965 787 998 841 ad
1015 803 1085 849 enm,
1105 803 1121 844 a

334 888 389 944 qno
407 874 496 929 omnis
521 875 653 930 naturalis
678 887 767 932 mutus
792 877 911 942 iuelmat,
940 878 1123 947 naturalisque

332 965 430 1020 action
447 980 554 1020 summo
576 982 663 1036 usque
691 969 815 1022 deorsum
830 970 978 1035 deseendit,
996 969 1121 1024 refertur.

236 1085 242 1093 ·
331 1055 390 1124 Ipsa
400 1057 472 1110 eninr
488 1071 569 1113 eausa
582 1060 713 1126 omnium,
726 1061 850 1130 quamvis
863 1077 916 1116 nou
931 1077 981 1130 per
991 1063 1121 1132 seipsam,

329 1147 458 1215 qnoniam
488 1148 664 1204 immutabilis
691 1163 742 1213 est,
767 1151 815 1207 sed
832 1167 881 1222 per
911 1152 1048 1207 subditam
1070 1154 1121 1210 sibi

329 1245 482 1289 ereaturam
494 1237 698 1293 uniuersitatem
712 1239 794 1295 totius
804 1249 917 1295 craturae
929 1257 943 1294 a
956 1256 986 1295 se
996 1242 1121 1299 conditae

328 1334 411 1391 ercet,
430 1336 548 1392 moreat,
576 1329 799 1398 gerberrre13tota
822 1340 912 1387 tamen
936 1333 1042 1387 divinae
1058 1349 1121 1403 pro·

327 1415 464 1470 riclentiae
479 1416 645 1486 dispensatio
661 1419 686 1472 ln
699 1435 762 1474 cam
780 1419 943 1485 refunditur,
961 1423 1023 1492 qnia
1039 1438 1120 1480 causa

326 1507 448 1561 nmmum
461 1517 512 1562 est.
531 1508 600 1574 Quid
615 1510 703 1565 dicam
714 1512 747 1567 de
761 1513 902 1568 ordinibus
930 1513 1068 1569 Ecclesiae
1092 1515 1119 1569 in

325 1594 379 1650 lrae
392 1597 481 1651 adlme
504 1599 612 1653 rrrrrrtali
625 1600 678 1653 rita
697 1603 870 1668 constitutae,
892 1603 991 1673 quibus
1011 1605 1118 1674 episeo-

326 1701 422 1755 porum
430 1686 497 1741 ordo
508 1689 673 1758 praefertur?
691 1689 815 1761 Nunqnid
826 1706 916 1755 omne,
931 1693 1002 1762 quod
1012 1703 1119 1750 ceterae

327 1776 525 1846 dispositiones,
542 1793 612 1848 quae
634 1780 801 1851 posteriores
826 1791 906 1849 sunt,
923 1782 949 1837 in
965 1783 1119 1838 distributis

1181 600 1349 672 Scriptorum
1360 603 1515 661 dicentem:
1532 607 1556 660 F
1557 610 1605 661 erit
1621 624 1727 678 ortoque
1746 606 1881 662 Dorulaus
1903 609 1958 663 fleur

1176 695 1283 750 ddecet
1295 700 1372 750 uxori
1397 714 1461 752 suae
1480 700 1583 752 terricus
1600 699 1741 769 pelliceus,
1765 708 1791 754 rt
1807 698 1893 754 induit
1913 714 1955 753 eur.

1176 784 1226 840 Ubi
1240 800 1293 839 non
1320 788 1466 858 incongrue
1480 788 1667 858 intelligimus,
1693 804 1751 844 non
1776 788 1853 843 aliud
1867 804 1912 858 ptr
1926 798 1957 846 u·

1178 875 1254 929 nicas
1279 876 1407 945 pelliceas
1440 877 1595 946 significari,
1621 886 1735 948 praeter
1762 876 1956 953 'regalem

1174 966 1297 1021 mortalia
1313 968 1436 1022 videlieet
1458 967 1604 1038 ’corpora
1626 981 1699 1037 qnae
1721 968 1777 1022 sibi
1796 968 1871 1038 justo
1880 971 1956 1025 muli·

1176 1057 1241 1110 toris
1250 1055 1355 1122 judicio
1368 1057 1390 1088 ¹·
1400 1057 1571 1126 permittente
1582 1058 1662 1126 prirni
1676 1056 1878 1127 bominespost
1887 1068 1955 1114 enne

1173 1147 1339 1215 pressionem
1356 1147 1453 1202 fecere.
1475 1148 1509 1202 Et
1525 1164 1588 1202 terrm
1612 1147 1660 1202 tibi
1679 1146 1795 1201 ridetur
1816 1147 1953 1203 credibilius

1171 1235 1322 1292 ducendum
1350 1239 1382 1302 ¹¹,
1403 1238 1543 1292 ttroualem
1577 1237 1719 1292 bominem
1753 1237 1894 1292 nronalem
1917 1237 1953 1291 sdi

1170 1338 1279 1379 cautem
1294 1325 1400 1388 fecisse,
1415 1342 1495 1396 quam
1508 1327 1628 1395 ”ipsum
1644 1325 1734 1380 Deum
1744 1340 1840 1396 perse
1851 1340 1952 1387 mesu.

1170 1418 1217 1473 sed
1242 1428 1345 1473 tacitum
1370 1419 1529 1488 permisisse
1556 1417 1798 1473 ctadmonnissei
1819 1416 1952 1473 musaeu

1170 1506 1330 1561 immortalis
1340 1516 1392 1572 cst,
1406 1516 1433 1561 et
1448 1507 1628 1577 quodcunque
1652 1520 1707 1576 per
1733 1520 1768 1561 se
1790 1506 1878 1576 ipsum
1894 1504 1951 1571 ferit,

1170 1595 1378 1650 itntunrtaleest.
1394 1595 1480 1650 Omne
1494 1596 1629 1665 siquidem
1645 1595 1779 1660 mortale,
1795 1595 1951 1664 quodcum

1170 1684 1196 1739 in
1224 1687 1273 1740 boc
1288 1685 1407 1740 sensibili
1433 1685 1533 1741 nattudo
1547 1700 1607 1740 esse
1633 1686 1759 1750 ridetur,
1774 1695 1804 1741 et
1817 1684 1915 1756 fragile,
1929 1694 1950 1741 rt

1171 1776 1367 1841 transitorium,
1384 1783 1431 1830 aut
1443 1791 1492 1831 nos
1505 1775 1555 1845 ipsi
1579 1775 1697 1829 facimus
1709 1776 1817 1830 uostris
1832 1776 1942 1831 tenetur

325 1866 376 1919 sibi
391 1866 486 1923 officiis
497 1871 660 1940 peregerint.
673 1872 706 1926 ad
719 1888 780 1926 eum
794 1874 801 1904 ¹
830 1874 978 1941 reducitur,
992 1877 1119 1945 quoniam
1136 1859 1157 1916 Β
1172 1865 1269 1920 bilibus
1294 1869 1411 1920 ¹¹¹⁰²l¹t¹¹⁸
1431 1873 1565 1929 illinies»
1579 1872 1628 1918 ³¹¹²
1641 1877 1760 1934 propter
1770 1864 1897 1919 “filicum
1913 1878 1949 1919 θ·

325 1956 360 2011 ab
390 1972 422 2013 eo
445 1960 546 2028 posteri
561 1961 680 2027 ordines,
707 1977 777 2031 quae
799 1962 850 2017 sibi
864 1965 1014 2034 peragenda
1041 1972 1114 2031 sune,
1168 1964 1254 2009 strum
1267 1956 1300 2010 ad
1322 1971 1399 2010 usum
1413 1953 1536 2009 mortalis
1548 1955 1619 2008 ritae
1632 1963 1750 2009 nostrae
1767 1963 1799 2009 et
1823 1953 1948 2025 exess

326 2048 482 2119 accipiunt?
496 2048 537 2106 Ab
561 2065 595 2106 eo
611 2052 744 2121 siquidem
761 2052 866 2125 singula
881 2053 993 2125 singulis
1010 2055 1117 2126 symm.
1167 2046 1225 2099 licri
1235 2045 1342 2111 sinitur,
1357 2046 1414 2099 sire
1429 2045 1508 2100 bonis
1519 2043 1665 2098 virtutibus
1677 2042 1948 2099 administrantibus

323 2138 375 2195 lira
402 2142 552 2198 ministeria
574 2143 793 2212 distribuuntur,
830 2145 965 2216 totiusque
984 2147 1115 2203 eeclesiae
1166 2138 1369 2207 perficientibus
1386 2137 1420 2203 ¹⁸.
1437 2134 1495 2192 Sile
1520 2134 1599 2191 malit
1627 2135 1750 2190 mltmll
1763 2137 1869 2198 cursui.
1885 2129 1947 2191 αὖ

325 2232 474 2302 spiritualis
499 2235 621 2303 operatio
645 2247 694 2301 per
722 2234 810 2303 ipsum
837 2233 956 2289 refertur
983 2235 1009 2288 io
1029 2235 1114 2303 ipsam

322 2326 443 2386 calisam,
455 2322 540 2375 Deum
552 2321 624 2386 dico,
636 2322 756 2375 omnium
769 2321 901 2375 bonarum
926 2322 1115 2392 mysticarum-

323 2427 376 2477 qm
393 2411 539 2465 actionum.
554 2409 608 2465 Cur
621 2425 687 2480 crgo
700 2410 810 2477 mirum,
827 2412 850 2466 si
864 2411 970 2481 primus
985 2414 1067 2469 bomo
1080 2414 1114 2469 ad

321 2500 469 2570 ferruginem
495 2499 542 2554 bet
571 2501 713 2564 conditos,
741 2501 915 2571 divinumque
941 2511 1113 2572 praeceptum

323 2598 520 2660 transgressus,
546 2603 579 2643 ac
601 2602 652 2658 per
670 2587 722 2645 laoc
743 2589 778 2643 de
803 2589 971 2645 beatitudine
996 2591 1112 2660 paradisi

218 2696 228 2709 ⁴
322 2680 463 2751 expulsus,
477 2679 572 2751 fragile
587 2688 669 2751 atque
682 2680 797 2737 mortale
817 2681 851 2736 de
868 2682 925 2738 luto
946 2691 1036 2737 terrae
1049 2683 1113 2738 sibi·

321 2783 379 2829 met
394 2773 575 2828 babitaculum
600 2781 719 2838 crearet,
733 2773 825 2827 divina
839 2772 1008 2844 providentia
1020 2773 1113 2829 admo·

319 2865 405 2931 nitus,
419 2872 460 2930 ut,
472 2864 535 2935 quia
556 2862 674 2920 caeleste
689 2878 832 2934 corpusne
845 2862 987 2933 spirituale
1001 2864 1035 2919 ab
1055 2864 1113 2933 ipso

319 2957 377 3014 fleo
397 2957 534 3014 conditum
547 2955 687 3027 possidere
711 2963 739 3010 ct
752 2953 891 3011 custodire
911 2954 1043 3024 superbus
1064 2967 1112 3008 ne·

319 3048 452 3118 glexerat,
471 3062 620 3118 congruum
634 3046 685 3103 sibi
708 3062 773 3103 suae
796 3046 995 3103 inobedientiae
1014 3045 1112 3100 merito

319 3137 436 3193 rttouale
461 3138 619 3207 hospitium,
646 3152 680 3193 ex
705 3149 812 3194 terrena
832 3138 945 3194 materia
964 3146 1111 3207 sumptum,

1166 2246 1244 2286 suom
1260 2230 1341 2285 linem
1356 2231 1508 2299 perveniat,
1522 2229 1605 2283 certis
1615 2228 1716 2298 spatiis
1726 2225 1946 2283 curestitututuiu.

1166 2322 1343 2390 pedientibus·
1374 2321 1488 2378 Vitalem
1516 2333 1634 2387 nantque
1649 2328 1760 2374 motum
1773 2318 1805 2373 in
1828 2316 1948 2374 mutu

1165 2426 1256 2483 agere,
1275 2420 1303 2468 ot
1326 2428 1376 2482 per
1387 2412 1589 2480 generationem
1606 2411 1633 2464 in
1647 2409 1756 2466 formas
1769 2410 1891 2464 risibiles
1901 2422 1947 2478 prt-

1166 2504 1273 2568 cedant,
1285 2502 1374 2557 nullus
1392 2511 1465 2557 recte
1479 2501 1732 2571 philosophantium
1747 2501 1771 2534 ¹⁸
1791 2494 1947 2564 dubitaturi

1166 2592 1224 2663 ipse
1243 2593 1333 2649 vitalis
1346 2603 1436 2649 motus
1448 2609 1501 2647 non
1513 2607 1623 2662 semper
1642 2592 1806 2661 aequaliter
1817 2594 1846 2647 in
1857 2590 1946 2662 siugffl

1164 2684 1309 2755 gerreribns
1332 2684 1448 2739 actionis
1472 2698 1538 2739 snae
1561 2683 1692 2738 virtutem
1720 2682 1892 2747 manifestat,
1906 2680 1946 2737 sits

1164 2784 1275 2846 propter
1298 2776 1431 2845 quaedam
1456 2774 1618 2840 accidentia,
1633 2789 1708 2844 qnae
1743 2775 1895 2831 seminibus
1910 2786 1947 2828 ιι

1164 2865 1338 2931 conueniunt,
1353 2874 1424 2920 etex
1443 2865 1592 2921 contrariis
1612 2864 1946 2935 qrratiraribnsnasemtr.

1163 2957 1222 3012 sire
1232 2964 1343 3026 propter
1354 2957 1491 3020 adversas,
1511 2966 1543 3011 ut
1555 2956 1684 3020 diximus,
1698 2957 1833 3023 virtutes,
1845 2966 1947 3028 quaen·

1164 3046 1244 3102 turali
1256 3047 1340 3101 motui
1359 3054 1517 3118 repugnant.
1539 3046 1692 3129 Dequibus
1709 3062 1788 3105 nune
1799 3048 1947 3108 disserens

1165 3139 1273 3211 longum
1288 3147 1366 3193 estet
1378 3122 1628 3215 superfluumque
1642 3124 1743 3194 mustis
1753 3124 1946 3211 disputata?-

318 3218 478 3282 bonitiacos
500 3227 612 3294 faceret,
643 3228 670 3282 in
693 3243 747 3297 qno
773 3229 883 3297 punitus
900 3228 1061 3296 poeniteret,
1085 3236 1112 3282 et
1126 3203 1360 3287 fisenums'sts
1372 3230 1433 3300 quis
1446 3231 1529 3297 dicet,
1544 3220 1946 3304 tttnd'prtnmuuorprrm

320 3317 485 3372 exercitatus
510 3317 544 3372 ad
566 3317 710 3389 pristinam
735 3318 893 3389 dignitatem
920 3326 1035 3372 naturae
1049 3333 1113 3374 sose
1165 3321 1305 3392 ruptibile,
1328 3321 1400 3391 qood
1415 3321 1534 3385 animae,
1565 3321 1946 3392 sincipitamenta

318 3406 412 3462 redire
426 3406 545 3478 seipsum
565 3408 785 3478 recognoscendo
808 3419 835 3464 et
853 3408 1018 3469 humiliando
1039 3420 1115 3483 pete-
1164 3419 1218 3476 ret,
1231 3410 1277 3466 ubi
1301 3425 1374 3466 norae
1397 3412 1459 3465 esti
1484 3410 1577 3466 Perire
1599 3411 1673 3466 enim
1693 3411 1945 3486 incorruptibiles·

322 3495 384 3550 rell
397 3492 453 3551 Nec
465 3495 498 3551 de
508 3496 561 3551 ltoe
575 3495 717 3566 Scriptura
735 3505 818 3553 tacet.
1164 3507 1261 3570 potest.
1276 3496 1344 3553 lluic
1354 3497 1474 3554 breviter
1492 3499 1726 3569 respondendum,
1741 3500 1770 3557 in
1791 3499 1946 3559 meent*

356 3587 402 3643 26.
418 3586 486 3643 Nam
505 3596 567 3659 post
583 3589 841 3659 praevaricationem
854 3599 983 3647 continno
1003 3591 1115 3647 desim·
1165 3602 1263 3643 manae
1285 3596 1399 3643 natorae
1410 3587 1513 3644 sinibus
1536 3588 1559 3621 ¹⁸
1570 3587 1659 3645 adbuc
1672 3588 1760 3656 latet,
1784 3591 1944 3647 informo*
1980 3610 1984 3641 ι·

319 3679 385 3752 plici
400 3680 517 3736 bumana
530 3690 627 3736 natura
647 3690 711 3737 aute
730 3692 882 3753 peecatum,
895 3685 923 3739 in
945 3685 955 3716 ¹
980 3684 1113 3756 duplicem
1164 3687 1220 3733 lem
1233 3678 1323 3733 seculo
1334 3677 1485 3748 afdumbn,
1497 3679 1602 3748 otredo
1612 3678 1728 3734 narrate
1737 3680 1789 3736 itu
1801 3683 1829 3735 itt
1840 3666 1944 3735 illudu-

321 3774 1112 3846 sexomdirisapostcasum,ait:Eteonsurrontfnfioficm,
1165 3771 1276 3837 fabitur,
1294 3781 1319 3825 er
1341 3771 1510 3842 corruptibile
1531 3771 1718 3825 ftorinduetar
1731 3773 1941 3845 incompetens
1980 3776 1984 3799 ¹

319 3877 344 3922 ct
358 3867 472 3937 fecerum
481 3865 532 3921 sibi
541 3870 717 3946 erepetdgeea,
734 3877 826 3938 aperte
838 3868 977 3924 insinuans
989 3866 1113 3923 foliorum
1161 3862 1237 3917 dodi
1261 3861 1418 3931 Apostolum
1432 3877 1439 3914 :
1454 3860 1607 3916 seminatur
1619 3877 1716 3931 carpus
1729 3861 1858 3933 cmmode,
1877 3864 1941 3929 utel

322 3957 445 4026 symbolo
471 3954 594 4027 fragilem
629 3967 711 4028 atque
737 3959 867 4014 caducam
885 3956 1009 4014 mortalis
1032 3957 1114 4028 hujus
1164 3952 1586 4025 comusspirituo105seruinntur
1607 3952 1635 4006 in
1654 3948 1941 4023 infirmitatum&

321 4047 445 4118 eorporis
457 4047 649 4114 conditionem,
661 4063 742 4118 quam
758 4049 808 4105 sibi
821 4050 902 4104 borne
920 4057 981 4120 post
1000 4048 1041 4103 sui
1056 4047 1113 4103 rui·
1163 4047 1275 4112 uirtute,·
1300 4046 1445 4099 sentiuntur
1469 4045 1496 4099 in
1514 4044 1685 4109 contumelia,
1716 4054 1809 4116 surget
1830 4040 1938 4115 induli·

323 4154 386 4193 uam
399 4145 514 4191 texerat.
526 4134 623 4192 Nostra
637 4139 770 4207 siqnidem
789 4139 913 4192 ntartalia
925 4140 1038 4208 corpora
1052 4136 1114 4194 latis
1164 4134 1531 4200 immortalitatisridelicet,
1554 4142 1582 4188 et
1600 4134 1880 4205 incorruptibilitatis,
1898 4130 1939 4189 tit·
1979 4140 1984 4147 '

321 4229 366 4284 flci
389 4227 460 4285 foliis
474 4226 611 4283 simillima
624 4235 696 4283 sunt.
719 4226 787 4282 Nam
801 4227 1027 4297 quemadmodum
1049 4225 1113 4281 folia
1164 4230 1191 4284 in
1209 4228 1298 4292 bonis,
1311 4227 1369 4283 sire
1381 4226 1408 4280 in
1418 4225 1507 4280 malis.
1524 4224 1580 4279 lloc
1595 4232 1686 4278 autem
1705 4224 1729 4257 ¹¹
1748 4217 1938 4296 generaliore

320 4320 366 4376 lita
380 4320 504 4375 nrrrbram
517 4318 628 4383 faeirmt,
651 4317 741 4373 radios
760 4317 825 4374 solis
850 4317 992 4372 recludunt
1016 4315 1046 4382 ⁸;
1073 4315 1113 4372 sie
1163 4318 1369 4375 onrnilmmano
1387 4314 1613 4385 eorporedictom
1631 4326 1692 4368 esse
1710 4312 1937 4381 arbitramini·-
1977 4342 1984 4375 a

320 4419 414 4465 nostra
435 4425 550 4480 corpora
570 4416 597 4464 et
620 4409 748 4464 tenebras
778 4408 946 4479 ignorantiae
971 4405 1114 4462 animabus
1164 4411 1326 4467 riimrsenim
1346 4418 1473 4464 aeternae
1487 4404 1712 4472 immortalitatis,
1728 4402 1937 4461 mosomus*

320 4499 447 4555 nostris*
469 4500 613 4570 ingerunt,
636 4509 664 4554 et
689 4497 1004 4568 ueritatiseognitionem
1024 4496 1113 4566 repel-
1165 4503 1288 4557 situdinis
1306 4499 1490 4572 aequaliserit
1508 4496 1602 4569 gloria.
1620 4494 1689 4551 Tota
1704 4496 1843 4566 siquidetu
1863 4498 1934 4548 uuiti¹

320 4592 390 4645 lunt.
406 4591 481 4657 Quae
491 4600 581 4645 tamen
594 4589 656 4646 folia
668 4599 771 4658 nostra,
784 4599 892 4646 terrena
907 4603 1021 4659 corpora
1039 4588 1111 4651 dico,
1165 4592 1346 4663 primordialis
1366 4606 1428 4646 cum
1441 4589 1491 4644 sibi
1516 4587 1697 4659 superadditis
1710 4588 1740 4644 in
1755 4602 1840 4643 unum
1851 4594 1934 4655 rw

321 4689 493 4734 terrenarum
504 4679 760 4750 mortiferarumque
773 4679 931 4735 deliciarum
943 4677 1111 4733 dnlcedinem
1165 4684 1247 4739 bitur.
1692 4724 1696 4728 .

321 4767 399 4837 qnasi
421 4769 554 4837 quendam
576 4768 850 4840 fructum⁸undiqne
865 4770 966 4825 vallare
979 4777 1007 4824 et
1020 4768 1115 4825 obum·
1164 4793 1168 4800 ·
1200 4773 1245 4828 2¹1.
1267 4773 1339 4827 larse.
1355 4770 1457 4826 Deliae
1471 4769 1579 4825 interim
1611 4767 1633 4801 ¹⁸
1658 4769 1823 4839 quaestione
1834 4756 1933 4823 aab&

320 4859 413 4921 beare,
425 4857 505 4926 iuqnc
517 4859 557 4913 eis
567 4873 617 4914 rios
627 4859 736 4916 allicere
746 4875 779 4915 ac
791 4860 884 4916 fallere
897 4861 908 4892 ⁸
922 4867 1112 4915 consuescunt.
1166 4877 1250 4925 crum,
1262 4871 1291 4918 ut
1303 4865 1407 4934 opinor,
1421 4872 1448 4917 et
1468 4862 1501 4917 ad
1530 4860 1778 4916 considerationem
1795 4859 1865 4915 illius
1875 4849 1931 4913 trb'*

321 4948 356 5004 Et
364 4958 392 5003 nt
406 4961 563 5016 cognoscas,
579 4949 701 5004 mortalis
713 4950 797 5005 nostri
811 4952 932 5020 eorporis
946 4951 1111 5006 creationem
1166 4957 1239 5019 raris,
1267 4956 1294 5009 in
1320 4969 1372 5024 qna
1395 4954 1429 5007 ad
1452 4952 1597 5021 imaginem
1619 4959 1648 5004 et
1670 4950 1874 5006 similitudinem
1898 4937 1932 4997 flul

321 5040 356 5099 ad
380 5053 452 5102 eunt,
471 5036 548 5107 cujus
567 5038 680 5093 ⁰0¹1⁵ffi⁰
695 5048 755 5093 ²⁰1³
767 5047 839 5103 ⁵⁰⁰¹,
855 5055 1033 5109 fl1¹³0⁰¹¹¹¹ft¹¹⁰
1046 5055 1110 5108 0¹3³
1166 5047 1267 5103 roruliti
1286 5059 1388 5108 surmus,
1406 5041 1583 5103 redeumlmn,
1613 5039 1817 5109 diligenterque
1837 5031 1932 5093 uani&

321 5142 443 5194 nostram
463 5131 683 5189 exercitationem
706 5140 734 5187 et
754 5132 953 5187 remeationem
967 5132 978 5163 ⁷
993 5141 1020 5185 et
1039 5131 1111 5185 saln-
1166 5136 1289 5200 ruricium,
1303 5144 1393 5189 utrum
1418 5148 1467 5202 per
1485 5132 1576 5186 outuia
1591 5131 1680 5200 imago
1693 5128 1741 5184 illa
1755 5122 1932 5185 sirnilitudm

965 5284 1091 5340 latitet:
1112 5279 1311 5339 leufredus

359 5426 441 5484 ¹Sic
462 5426 519 5493 BC;
545 5427 568 5482 Α
597 5441 655 5481 atur
672 5424 820 5495 episcopum
849 5421 994 5478 reducitur.
1042 5416 1211 5474 ›¹tnon.c.
1261 5415 1308 5469 ‘d
1333 5414 1483 5469 erendum.
1540 5412 1664 5466 ‘nastris
1686 5427 1744 5493 nm.
1761 5411 1794 5467 d.
1851 5410 1931 5479 ’Μ

318 5515 388 5565 eoru
398 5507 451 5553 lom
479 5499 594 5568 fructum
617 5511 673 5551 om.
687 5493 728 5549 d.
764 5490 874 5557 'Gonj.,
889 5493 909 5548 C
923 5493 950 5546 iu
964 5492 1057 5560 qrrietis
1072 5505 1118 5544 nos
1133 5488 1235 5541 officere
1253 5485 1374 5555 offallore
1384 5482 1461 5554 (sic!)
1475 5491 1672 5546 consuescunt3
1688 5481 1796 5562 offerere
1810 5497 1841 5535 uc
1851 5474 1930 5557 cml·

319 5568 589 5626 'ereaoeutiauerra
645 5564 697 5618 ‘C
723 5573 831 5632 praeter
856 5563 925 5634 qood
948 5565 1122 5630 περιζώματα.
1160 5557 1309 5611 'uidelicet
1339 5569 1393 5609 ortt.
1422 5555 1453 5607 Α.
1492 5551 1610 5634 ¹·lloqi;
1631 5548 1933 5631 Ccouduiouirjrdrwf
1982 5576 1984 5611 ,

320 5636 622 5698 Airtdiciecoudt‘tmir.
679 5634 698 5666 ¹¹
718 5633 815 5695 Sic&
839 5633 987 5686 ducendum
1007 5630 1108 5685 nond
1133 5625 1358 5697 (Ldieeudumi).
1414 5623 1552 5676 ”Caum
1574 5637 1673 5692 ipsum.
1730 5620 1796 5675 ”rt
1816 5618 1930 5691 perfide?

322 5710 390 5764 tibus
404 5710 458 5761 ont.
472 5708 505 5761 lt.
544 5706 664 5760 ”nudus
678 5713 751 5760 recte
765 5697 1191 5825 pl··losoplmsqrbifosnplremiom.
1231 5688 1764 5798 “Metpdbusgiiqufppereudilom
1773 5702 1822 5748 est.
1857 5681 1930 5740 “fil

324 5778 437 5838 secretis
457 5787 567 5831 nutrrue
578 5793 640 5833 sune
651 5774 759 5831 finibus.
804 5766 857 5828 ’Ἄ
871 5772 950 5826 enirn.
1081 5768 1183 5822 iterum.
