3984 6534
142 428 194 485 επ,
790 461 800 472 .
855 419 995 477 iOriNu'is
1015 419 1112 479 saort
1739 425 1786 482 sit

142 554 265 602 naturam
296 542 498 612 superadditum
520 550 581 606 esi,
619 539 743 612 quemvis
776 539 801 593 itt
826 537 931 593 bestiali
948 541 969 603 Λ
984 548 1006 593 et
1019 540 1118 609 perrari
1128 538 1293 594 abolitionem
1303 538 1333 605 ³,
1343 550 1366 592 et
1377 540 1513 605 nuntium,
1528 550 1558 594 ul
1575 544 1788 612 courpreltendrus

143 635 294 692 substantia
317 635 418 690 bouum
438 635 484 699 sit,
501 633 605 689 bantini
627 642 715 687 tauron
742 625 934 687 inconveniens
984 629 1080 695 dicam,
1104 629 1231 684 malarum
1257 639 1408 687 terminum.
1433 630 1515 687 Finis
1541 632 1641 704 itaque
1672 651 1787 704 prat-sn-

143 736 170 783 et
185 725 313 781 alienum.
335 723 389 780 Nee
400 722 509 779 aliunde
524 724 658 781 humanae
669 730 782 779 naturae
793 720 935 775 irratioua-
986 720 1019 777 tis
1032 720 1103 775 ritae
1115 720 1220 776 initium
1241 733 1283 778 est
1297 721 1416 786 initurae,
1437 732 1466 778 et
1480 739 1565 779 mors
1586 725 1687 779 caruis
1710 733 1785 798 auspi

142 815 210 873 biles
223 823 313 871 motus
335 822 562 887 superventorum,
579 814 630 871 uisi
653 828 686 869 ert
709 812 859 869 bestiarum
874 809 935 867 suin
984 813 1056 875 cimn
1078 823 1190 869 naturae
1205 816 1393 882 restitutionis,
1416 826 1446 872 et
1466 817 1496 871 iu
1521 817 1674 891 antiquam
1698 820 1784 877 incola·

143 907 263 965 smudali
278 906 390 977 impeta,
404 906 503 979 quibus
514 906 651 976 peccando
671 904 768 963 similis
791 902 862 961 laeta
882 910 934 959 est.
985 904 1107 961 mitatem
1128 907 1240 962 reditus.

142 997 220 1067 Quod
240 998 322 1055 etiam
347 999 419 1054 idem
444 997 591 1069 Gregorius
613 997 748 1070 Nyssaeus
770 1003 884 1065 testatur
907 994 936 1051 in
1019 994 1045 1050 8.
1067 994 1255 1071 Prima-igitur
1273 1001 1408 1056 iurumnae
1435 1010 1563 1057 naturae
1592 1004 1717 1060 reversio
1739 1016 1779 1073 est,

142 1089 261 1160 capitulo
278 1091 490 1147 decimooctavo
501 1091 535 1147 de
552 1090 670 1163 imagine
691 1091 723 1155 ¹,
755 1089 868 1144 dicens:
885 1086 936 1139 Ar·
985 1090 1093 1161 truendo
1104 1106 1202 1165 corpus
1217 1093 1375 1158 solvitur,et
1389 1095 1416 1150 in
1431 1096 1718 1165 qrrattuoreicments
1729 1117 1779 1155 sen·

142 1181 225 1239 bitror
236 1198 269 1236 ex
283 1185 331 1236 bac
347 1182 486 1253 principia,
505 1180 679 1237 similitudine
693 1178 809 1235 uidelicet
829 1176 936 1231 irratio·
986 1180 1073 1237 sibilis
1084 1182 1188 1249 muntii,
1201 1199 1234 1238 ex
1245 1184 1342 1256 quilius
1352 1188 1548 1258 compositum
1565 1196 1626 1251 est,
1642 1202 1777 1247 revocatur.

143 1274 271 1329 nobilium
303 1275 497 1340 aainramium,
527 1275 606 1329 etiam
635 1273 753 1344 singulas
784 1273 935 1341 passiones,
986 1269 1150 1327 Secundam
1170 1277 1368 1331 resurreetione
1385 1276 1573 1348 implebitur,
1590 1283 1775 1353 quanlonnas·

143 1366 222 1421 ueluti
246 1381 279 1421 ea
302 1365 372 1434 lame
395 1365 510 1436 quodam
522 1365 719 1421 inundationem
734 1365 753 1427 ¹,
772 1364 799 1417 iu
821 1362 937 1416 lrttmtmo
986 1364 1100 1437 quisque
1111 1380 1188 1421 suurn
1200 1369 1337 1440 proprium
1350 1385 1496 1439 corpusex
1509 1371 1770 1443 comtunniaueaput-

140 1459 195 1512 sita
210 1459 340 1515 conditas.
363 1457 440 1515 Hanc
460 1467 548 1515 autem
564 1458 691 1512 rationem
704 1457 842 1524 confirmat
856 1455 867 1485 ⁸
880 1454 937 1524 ipsa
989 1462 1049 1509 tuor
1059 1454 1252 1513 olemeutorum
1265 1460 1385 1529 recipiet.
1401 1461 1509 1529 Tertia,
1523 1464 1640 1533 aptando
1651 1480 1729 1537 corpus
1745 1468 1769 1521 iu

142 1549 296 1619 passionum
320 1551 451 1620 copuatr‘a,
468 1548 614 1620 aequaliter·
635 1558 658 1602 et
678 1549 706 1604 in
721 1547 805 1611 uobis,
823 1555 848 1599 et
869 1545 937 1599 irra-
987 1544 1113 1616 spiritum
1135 1549 1291 1603 mutabitur.
1318 1552 1567 1622 Quarta,quaudo
1583 1554 1775 1627 spir-itus,et,rrt

142 1639 309 1697 tiaaabilibas
321 1639 516 1710 manifestata&
530 1640 665 1699 Nonarum
674 1639 776 1709 justum
789 1646 836 1703 ast,
846 1637 873 1691 iu
888 1636 937 1691 lim
988 1637 1107 1707 apertius
1118 1638 1216 1703 dicam,
1234 1648 1287 1694 tota
1302 1640 1420 1696 hominis
1436 1652 1543 1697 natura
1566 1630 1778 1717 tu'priuortuus

142 1744 220 1782 marm
235 1738 330 1783 natura
342 1730 395 1785 “ad
407 1732 523 1789 diuinam
536 1733 645 1802 speciem
658 1731 770 1801 securata
783 1728 792 1759 ⁸
807 1725 937 1798 passibilis
988 1744 1085 1784 eattsas
1102 1740 1261 1797 revertetur,
1278 1748 1347 1803 quae
1358 1741 1422 1788 sunt
1436 1750 1559 1806 semper
1574 1746 1604 1793 ct
1621 1738 1778 1794 iucommuta-

141 1819 251 1890 affeclus
261 1822 395 1892 perbibere
408 1826 567 1895 ⁷principiu.
578 1824 647 1879 Nam
660 1820 859 1879 tractemundum
867 1817 939 1887 furo·
988 1817 1078 1875 biliter
1090 1821 1117 1875 iu
1134 1821 1199 1878 Deo.
1216 1822 1325 1889 Quinta,
1338 1826 1450 1896 artando
1463 1828 1529 1898 ipsa
1546 1839 1651 1887 natura
1666 1848 1722 1886 euru
1737 1832 1777 1886 suis

142 1913 467 1987 reusestipralraraiaisad
480 1915 560 1973 Deam
572 1914 727 1983 similitudo,
739 1908 936 1980 nergaeesnalu·¹
952 1894 974 1955 Β
988 1909 1077 1966 causis
1091 1912 1245 1968 movebitur
1266 1914 1294 1968 iu
1317 1914 1416 1983 treunt,
1442 1919 1519 1973 sicut
1545 1936 1599 1979 aer
1626 1933 1742 1977 movetur
1757 1941 1776 1976 u

140 2005 474 2078 plaleipsasuperpmirreus
483 2018 580 2067 natura
588 2009 728 2080 [ormatm.
738 2004 763 2061 F
765 2006 935 2075 ormidaqua-
986 1999 1083 2055 lucem.
1098 2001 1157 2056 Erit
1170 2002 1242 2057 cuim
1260 2003 1329 2058 [leus
1348 2005 1440 2060 etruria
1464 2006 1493 2062 iu
1519 2010 1668 2077 omnibus,
1693 2012 1778 2081 arraudo

140 2111 200 2164 eac,
213 2095 378 2167 erderacitar,
387 2110 413 2157 ct
423 2100 458 2155 ad
470 2101 508 2167 id,
520 2100 591 2173 gaad
601 2100 660 2171 piar
669 2108 717 2166 cst,
729 2097 899 2163 desiderium,
911 2103 935 2148 et
986 2089 1052 2145 nihii
1066 2090 1118 2146 erit
1134 2091 1187 2147 nisi
1212 2091 1285 2148 solas
1314 2092 1395 2155 Deus,
1420 2092 1645 2177 iimcc
1664 2086 1779 2155 ¹corruam

141 2186 177 2245 od
200 2186 238 2254 id,
256 2190 428 2259 quodminus
448 2192 607 2259 est,odiam,
629 2201 653 2245 ct
675 2191 763 2255 amnia
783 2185 935 2260 ltujarmodi
987 2192 1118 2250 astruere,
1126 2184 1303 2240 substantiam
1313 2202 1403 2243 rerum
1415 2189 1648 2258 periturarusea
1663 2193 1689 2246 iu
1704 2194 1778 2247 nulius

143 2281 357 2353 ionge⁸diuiaae
371 2286 573 2355 pulchritudinis
596 2288 746 2341 charactere
768 2291 840 2339 sunt.
863 2279 936 2335 llaec
986 2289 1034 2345 pot
1055 2276 1155 2348 grados
1179 2276 1332 2348 modiolos
1356 2279 1521 2336 redituram.
1550 2282 1700 2353 Quomodo
1724 2287 1778 2338 toto

140 2373 229 2445 itaquo
247 2391 280 2431 eu
293 2377 469 2441 irrationabili
485 2388 559 2448 parte
577 2378 693 2435 baritana
718 2387 813 2433 uatum
840 2374 874 2429 ud
893 2389 935 2429 se·
986 2375 1076 2438 potest
1089 2369 1194 2439 perire,
1208 2370 1279 2439 qttod
1299 2370 1325 2425 iu
1340 2370 1437 2428 melius
1448 2376 1592 2447 probatur
1605 2377 1717 2447 redire?
1737 2376 1778 2430 iia

141 2466 229 2534 ipsunt
246 2468 368 2523 attractu
384 2466 419 2521 ln
436 2466 529 2538 quibus
550 2467 619 2523 enim
634 2465 823 2521 irrationabilia
838 2465 889 2520 uita
901 2462 935 2517 ad
988 2459 1054 2512 lolio
1070 2460 1160 2530 itaque
1172 2460 1305 2517 huurauac
1318 2471 1430 2518 naturae
1442 2465 1470 2521 iu
1488 2466 1582 2537 Deum
1598 2484 1655 2524 nou
1674 2470 1778 2525 substan

142 2557 364 2619 conservationem
378 2575 454 2615 suam
472 2560 574 2617 nsunita
587 2567 634 2625 cst,
658 2557 721 2625 baec
737 2557 771 2610 mi
792 2558 935 2623 numanam
989 2555 1041 2610 tiae
1055 2556 1180 2625 imeritus
1191 2556 1213 2587 ¹⁸
1224 2557 1391 2615 aestimanda
1403 2567 1455 2627 est,
1470 2563 1521 2619 seri
1536 2562 1567 2618 in
1580 2564 1775 2634 pristiuuutstr·

145 2647 225 2715 atam
249 2647 396 2717 translata,
419 2651 553 2721 passiones
573 2649 744 2720 pertaesum.
760 2647 789 2705 lu
806 2648 856 2711 hos
882 2646 935 2702 ita·
989 2656 1054 2712 tuur,
1067 2662 1147 2719 quern
1158 2651 1367 2719 praevaricando
1378 2652 1551 2723 perdiderat,
1567 2656 1705 2719 spirabilis
1716 2667 1778 2728 atque

144 2758 197 2814 que
211 2741 410 2811 irrationabiles
431 2752 530 2810 tuntas,
553 2743 597 2813 qui
616 2741 721 2801 bestiali
740 2743 809 2811 vitae
823 2752 934 2801 ustura·
988 2738 1129 2797 ineffabilis
1141 2744 1270 2798 reversio.
1295 2743 1323 2799 si
1338 2744 1411 2803 cuitu
1424 2761 1517 2811 omne,
1536 2750 1613 2819 ignoti
1634 2766 1704 2819 pure
1717 2750 1777 2804 iutel-

144 2833 216 2901 itur,
235 2836 371 2901 humanae
388 2826 459 2905 'vero
478 2836 644 2909 passibiliter
667 2836 768 2900 insunt,
798 2836 935 2893 homiuem
988 2833 1056 2919 ¹ligii,
1069 2831 1184 2888 eflicitur
1197 2851 1277 2889 uuum
1294 2851 1356 2891 curn
1379 2851 1422 2905 eo,
1436 2839 1511 2908 qtrori
1537 2840 1714 2915 intelligitur,
1727 2839 1776 2913 quil

145 2925 275 2983 cecidisse
292 2926 381 2982 nullus
391 2927 542 2997 sapientum
558 2925 679 2995 anrbigit,
695 2934 721 2980 et
736 2940 770 2980 ex
784 2926 827 2980 his
837 2924 935 2981 iterum
988 2926 1099 2991 nrirum,
1114 2925 1137 2981 si
1151 2935 1243 2983 nostra
1257 2935 1363 2993 natura,
1378 2928 1487 2998 quando
1506 2930 1598 2987 Deum
1614 2932 1688 2988 facie
1701 2934 1732 2987 sti
1744 2932 1775 2986 la-

145 3019 174 3073 in
195 3020 485 3093 mortemcorpariset
513 3020 674 3079 caltaionem
700 3022 813 3077 corruit.
844 3019 937 3089 Negas
989 3014 1057 3071 ciem
1073 3016 1287 3088 contemplatura
1303 3017 1339 3073 sit
1358 3014 1391 3084 ¹⁸,
1414 3018 1440 3072 iu
1466 3019 1523 3088 itis,
1541 3024 1592 3095 qui
1617 3022 1691 3097 digni
1716 3031 1777 3085 suut

146 3110 219 3165 enim
230 3110 290 3179 pias
302 3111 558 3175 inseruissemus·
580 3112 676 3184 potuit.
693 3111 832 3185 stqinten
849 3111 875 3166 itt
890 3126 936 3167 ua·
988 3115 1117 3181 ooooloot
1140 3108 1165 3163 ei
1189 3106 1268 3162 datur
1280 3107 1468 3179 ooolofflbloli·
1483 3109 1512 3179 io
1539 3102 1658 3181 tinnitus
1671 3113 1778 3169 maana

146 3212 207 3259 tora
221 3218 313 3258 rerum
333 3204 401 3261 nihii
419 3205 532 3263 inierim
548 3216 592 3263 est
610 3208 674 3271 rita,
687 3207 801 3272 ratione,
814 3213 842 3265 et
854 3219 934 3261 sensu
990 3214 1148 3266 ascensura,
1162 3214 1245 3253 unum
1260 3215 1320 3255 cum
1335 3198 1392 3270 ipso
1418 3208 1445 3257 et
1468 3199 1496 3255 in
1523 3202 1587 3281 ipso
1604 3202 1662 3259 beri
1679 3202 1777 3273 possit?

147 3302 275 3359 caconem
290 3293 412 3349 iuilutum
425 3304 515 3359 autent
535 3298 656 3356 omnium
677 3313 777 3368 eorpus
797 3297 934 3368 corrupti·
990 3292 1044 3351 Nec
1068 3291 1120 3349 lroe
1140 3291 1264 3359 dicimus,
1292 3290 1399 3349 illarum
1421 3307 1540 3363 sensum
1566 3290 1718 3362 modinum,
1731 3293 1776 3364 uiri

148 3384 357 3454 bile,s1uorriam
372 3384 533 3449 atiniirilum
555 3386 644 3460 redire
664 3387 736 3443 uuila
753 3396 850 3449 ustura
870 3386 937 3445 sini·
988 3385 1091 3455 dicant,
1105 3383 1207 3455 uulimn
1221 3398 1319 3461 corpus
1343 3398 1423 3455 posse
1446 3382 1470 3415 ¹¹
1497 3378 1604 3453 rirrrtari
1627 3385 1656 3441 iu
1684 3387 1775 3447 vitant,

149 3483 203 3540 tur,
218 3481 245 3529 et
257 3473 303 3529 uhi
327 3474 422 3539 raiuao
439 3488 504 3531 suaa
518 3474 600 3533 lluam
625 3475 725 3547 posuis,
754 3476 816 3531 iude
838 3476 936 3535 iterum
988 3491 1076 3547 ueqrre
1092 3475 1172 3545 allam
1183 3476 1266 3533 vitam
1278 3474 1377 3529 ruutari
1389 3475 1415 3531 in
1427 3491 1543 3547 corpus,
1555 3480 1715 3557 praesertim
1725 3493 1774 3534 aran

149 3566 240 3623 redire
252 3565 399 3625 inelinavit.
412 3563 489 3629 Finis
506 3572 597 3631 autem
614 3566 711 3625 rtriuao
723 3565 824 3622 solutio
841 3581 937 3636 corpo·
988 3579 1097 3629 satietas
1110 3569 1191 3626 Pater
1204 3568 1369 3639 Augustinus
1383 3569 1434 3625 lroc
1446 3569 1551 3637 docere
1565 3573 1587 3605 ¹'
1599 3575 1730 3649 rideatur,
1740 3573 1777 3629 sed

149 3656 187 3719 ris
207 3655 313 3715 estiis
328 3655 463 3714 solatione
480 3657 573 3728 itaque
592 3657 715 3728 eorporis
737 3659 840 3719 reditus
859 3667 938 3717 natu·
986 3663 1061 3733 guod
1075 3663 1102 3723 iu
1119 3663 1171 3719 hac
1186 3660 1367 3735 disputatione
1382 3661 1416 3723 de
1434 3671 1553 3729 naturae
1579 3664 1670 3727 coalitu
1691 3665 1777 3736 ougo

146 3765 194 3807 rae
208 3749 407 3820 proticiscttur;
426 3751 595 3824 reperior
619 3749 679 3820 plns
703 3751 828 3807 utilitatis
842 3753 938 3811 burna·
989 3756 1060 3811 rium
1086 3753 1223 3826 sequimur
1248 3752 1433 3824 Theologum,
1457 3752 1578 3829 ejusque
1610 3756 1776 3831 expositorem

147 3857 198 3899 uae
212 3853 327 3901 naturae
346 3842 460 3901 contulit
481 3858 554 3899 mars
571 3843 671 3908 earnis,
695 3858 776 3913 quam
792 3844 937 3912 vindictae,
989 3846 1146 3910 niaximum,
1163 3859 1212 3901 nec
1225 3860 1279 3901 nan
1290 3852 1449 3901 etsanctum
1465 3846 1650 3907 Arrrhrnsiuur
1664 3848 1777 3919 incipis·

145 3934 270 4002 tttrarnvis
285 3935 488 4005 poenapeccati
505 3935 587 3993 luisse
606 3936 749 3994 aestimata
770 3937 823 4004 sit;
839 3937 866 3993 iu
878 3946 939 3993 tan·
990 3939 1098 3995 natione
1111 3936 1247 4011 Evangelii
1259 3937 1406 3993 secundum
1421 3936 1543 4009 bosoni
1572 3957 1664 4013 neque
1679 3942 1777 4012 arripiam

148 4025 643 4097 tumutcornissotauaauaemorus
653 4029 937 4102 nomirresoiatappei-
990 4034 1134 4105 suademus
1147 4030 1268 4096 eredere,
1278 4030 1348 4100 arreti
1364 4030 1388 4085 ei
1401 4029 1565 4089 incredibile
1578 4034 1698 4097 vitietur·
1713 4033 1778 4099 rtu-

145 4116 203 4179 tart,
214 4116 481 4177 rationabiliusmora
490 4121 940 4192 mortisdicatur,quatrimorsear·
991 4125 1124 4181 dictorum
1139 4136 1254 4193 uanique
1269 4122 1432 4178 reversionis
1450 4131 1568 4195 naturae
1585 4123 1776 4197 graduarium

145 4208 197 4265 uis.
206 4206 235 4265 Si
242 4211 316 4266 enim
325 4209 441 4266 humana
449 4209 537 4266 vitain
544 4211 595 4266 irae
602 4213 768 4281 corruptibili
781 4228 862 4272 carue
868 4223 940 4271 reete
991 4217 1052 4275 darn
1064 4224 1137 4282 suut,
1149 4215 1175 4271 iu
1189 4215 1287 4287 quibus
1303 4213 1488 4285 theologorum
1510 4218 1629 4274 traditio
1650 4219 1775 4285 universa·

147 4305 341 4377 asapieutiirus
360 4320 434 4363 mars
444 4305 588 4371 vocitatur,
603 4307 770 4375 trivaratione
785 4308 846 4364 linis
857 4309 940 4379 ipsius
990 4306 1212 4375 litercousentig,
1226 4305 1384 4375 quinarium
1401 4306 1500 4374 quibus
1513 4309 1633 4367 otnttiuo
1647 4311 1773 4379 disrupit·

149 4395 220 4452 vitae
230 4399 325 4454 mortis
334 4398 732 4464 vocabuiocenseretur¹⁰,duur
743 4401 802 4470 plus
813 4402 941 4457 deurorte
991 4396 1059 4453 iiam
1074 4395 1206 4453 decedito
1219 4394 1378 4465 eorporisiu
1394 4394 1540 4461 elementa,
1551 4414 1587 4452 ex
1598 4399 1697 4470 attilam
1706 4398 1774 4459 ruit,

148 4484 255 4552 liberat,
285 4502 367 4556 quotu
392 4496 507 4545 rrrortenr
535 4489 714 4546 morientibus
742 4490 846 4549 intorti
873 4492 942 4549 iiiuc
993 4476 1079 4556 deque
1111 4482 1194 4555 ipsius
1225 4483 1431 4545 resurrectionis
1466 4493 1593 4555 tempore
1620 4487 1646 4541 iu
1673 4487 1772 4559 scipsum

146 4581 242 4636 beatus
280 4579 412 4637 blasianus
436 4583 462 4637 in
489 4583 617 4639 vicesimo
641 4593 737 4639 octavo
764 4585 882 4650 capitulo
906 4587 939 4643 de
952 4621 979 4683 D
994 4577 1392 4643 recursu,auliusdissautrtalr
1406 4576 1501 4633 illoto·
1515 4578 1556 4635 Do
1574 4581 1688 4649 transitu
1711 4593 1772 4639 vcra.

147 4673 316 4740 litulriguis:
342 4672 450 4740 Finem,
475 4676 580 4745 iuquit,
602 4678 747 4746 praesentis
766 4677 848 4747 bajus
871 4679 940 4735 uitae

146 4761 276 4829 injustum
290 4774 341 4829 est,
361 4774 390 4818 at
412 4765 537 4832 arbitror,
565 4776 675 4823 mortam
701 4768 846 4836 nominare,
862 4771 940 4826 seda

149 4858 232 4906 uraris
246 4851 440 4918 alienationem,
462 4866 486 4909 et
504 4874 521 4912 a
539 4860 706 4927 corruptione
724 4862 939 4929 segregationem,

147 4956 171 5001 et
184 4944 336 5003 eternitate
358 4943 514 5011 libertatem,
533 4960 557 5002 et
571 4966 587 5002 a
602 4953 797 5017 perturbatione
815 4953 938 5021 quicum,

146 5044 173 5091 eb
184 5030 313 5091 bellom
325 5032 468 5100 insursu,
486 5047 509 5088 et
523 5035 572 5091 a²¹
585 5037 738 5106 causacione
748 5041 900 5107 transitum,
915 5053 940 5098 et

147 5124 296 5187 ambitis
325 5124 448 5194 mauu,
469 5137 494 5180 rt
519 5145 534 5181 a
557 5126 692 5197 doloribps
721 5130 846 5200 requiem,
866 5143 890 5187 et
907 5133 940 5188 alr

147 5218 258 5295 {publii
271 5234 367 5291 pantpa
385 5218 528 5286 silentium,
542 5228 567 5274 et
583 5218 616 5274 ab
630 5219 652 5251 ¹¹
662 5219 833 5276 instabilitate
847 5225 940 5291 otium,

149 5320 175 5368 sl
189 5311 364 5384 turpitudinis
381 5312 507 5378 nelarncu,
529 5321 555 5368 et
579 5312 775 5383 sparsionibus
797 5314 941 5387 resupiam,

992 4673 1018 4729 io
1030 4680 1071 4728 est
1082 4671 1307 4728 tratrsmutatione
1315 4670 1437 4739 corporis
1449 4671 1476 4726 iu
1488 4673 1771 4747 naturamnaturaim

992 4763 1019 4821 iu
1034 4778 1141 4829 causas,
1152 4762 1194 4819 vei
1206 4761 1326 4823 omnium
1341 4762 1367 4816 iu
1381 4762 1476 4827 Deum,
1488 4763 1570 4823 ratae
1582 4765 1710 4833 dissimilis
1717 4776 1769 4815 sut·

993 4857 1076 4911 tentia
1090 4864 1143 4922 est,
1154 4855 1315 4926 variumque
1330 4854 1385 4910 iere
1396 4856 1423 4908 in
1436 4856 1568 4923 omuibus
1582 4860 1683 4931 dngnu.
1703 4849 1767 4909 §tutti

993 4952 1066 5008 euim
1078 4952 1111 5007 tie
1122 4951 1254 5006 solutione
1262 4948 1284 4982 ²⁸
1292 4947 1457 5004 solummodo
1468 4953 1596 5023 corporis
1609 4951 1767 5009 arctamenta,

994 5042 1249 5115 deaueejasredita
1265 5040 1469 5097 resurrectionis
1494 5050 1638 5106 ruanrentn
1659 5042 1686 5098 iu
1705 5049 1766 5103 sautu

993 5134 1132 5206 proprium
1145 5140 1245 5187 statura
1257 5131 1404 5201 disputant,
1417 5139 1445 5184 et
1457 5145 1548 5203 tregue
1559 5132 1621 5205 pius
1641 5126 1765 5187 ascendut

995 5227 1130 5291 ridentur,
1144 5225 1270 5296 guertium
1285 5224 1311 5279 iu
1326 5222 1456 5293 qualitate
1480 5238 1632 5297 corporum¹
1658 5228 1711 5295 past
1732 5230 1763 5272 re·

994 5316 1190 5374 surrectionem
1206 5312 1394 5386 disputationis
1409 5327 1475 5377 suae
1490 5312 1574 5371 linem
1599 5313 1762 5379 coustitutum

791 5468 917 5531 tautae
934 5471 1132 5530 scariones

187 5582 248 5637 'ist
260 5581 485 5650 amarriadecima
497 5591 587 5639 octauo
602 5584 634 5637 ds
646 5585 760 5653 imagine
773 5597 828 5640 om.
844 5584 897 5641 CF.
936 5586 1012 5643 ¹Sic
1023 5585 1082 5653 cm
1100 5586 1164 5645 uta
1176 5587 1354 5649 inundatione.
1394 5585 1673 5663 'compreenderun-
1705 5580 1760 5637 'Sil

152 5649 425 5721 milmandram.
466 5653 642 5720 'siccem
661 5655 792 5707 bremanae
806 5665 926 5711 naturae.
965 5656 1010 5709 ·.t
1028 5656 1231 5713 rrortiorurntae.
1269 5654 1567 5725 'SicCF;li]reserre.
1606 5650 1758 5714 'Sicffid

152 5720 230 5843 louge
252 5723 398 5777 adiviuae.

452 5723 587 5791 ’SieCl';
609 5725 629 5777 ,t
651 5724 869 5792 itrscriusuiaerc.
920 5725 943 5759 ¹⁰
959 5723 1006 5781 Sic
1021 5722 1119 5791 cm
1140 5739 1266 5783 censetur.
1315 5727 1366 5782 ”a
1386 5743 1440 5782 ont.
1462 5728 1515 5783 CF.
1568 5731 1590 5761 ¹¹
1611 5720 1757 5784 attacti

153 5789 177 5825 ¹⁸
213 5788 432 5847 Faboiicitatest.
485 5794 508 5825 ¹⁸
525 5793 747 5859 SieGF;Arrotr
762 5795 789 5849 in
804 5794 1098 5855 substautineiuterits.
1150 5799 1430 5872 ¹⁸dcotrtempiatura
1448 5808 1498 5855 est.
1550 5801 1573 5839 ⁸⁸
1588 5817 1661 5877 posse
1679 5792 1755 5857 aad·

157 5862 177 5897 *i
191 5859 236 5917 Sic
250 5858 307 5926 CF;
324 5858 452 5919 Adicere.
492 5863 514 5894 ¹⁸
527 5863 572 5921 Sic
584 5864 626 5921 ct
636 5865 678 5931 ;ri
693 5865 899 5925 dissolutionem.
