3984 6534
172 475 223 528 raa
724 466 974 521 usrusrrmnus
990 466 1132 522 rosnms
1149 464 1248 520 soum
1392 451 1395 455 ’
1759 453 1807 510 ιιι

171 590 219 646 τῆς
234 580 327 654 ψυχῆς
341 577 440 661 „boc
458 585 518 634 est:
540 576 611 648 quod
631 589 740 632 sursum
757 575 844 633 lertur
858 577 886 635 in
904 578 965 634 ani·
978 585 1005 646 Α
1018 577 1151 649 theologia
1165 592 1215 649 per
1234 577 1438 634 descensionem
1460 574 1495 628 ml
1508 569 1676 628 humillimas
1697 577 1727 624 et
1743 585 1806 625 oon·

173 687 228 727 rata.
243 669 318 726 llens
331 648 529 761 rpr,'quae
544 675 655 724 nostrae
671 676 786 724 naturae
804 667 965 725 sublimissi·
1015 667 1089 723 lusas
1109 667 1320 738 inhonestasque
1339 664 1520 722 materialium
1539 676 1632 716 rerum
1656 657 1808 715 msnlorrna·

173 777 217 818 nra
231 770 471 835 parslest,sursum
486 776 595 832 semper
617 761 652 816 ad
666 760 818 832 spiritualia
831 761 964 818 naturali¹
1016 760 1102 818 tiones
1108 761 1140 826 ¹⁸,
1152 762 1249 832 quibus
1258 761 1340 818 divini
1346 759 1429 815 animi
1443 756 1641 828 signillcantur.
1658 751 1741 807 Nunc
1751 767 1809 807 vero

173 856 292 927 appetitu
305 854 401 911 lcrtur.
417 853 508 911 lliuc⁸
523 854 562 909 alt
574 853 741 925 Apostolus:
756 864 867 911 amente
877 855 966 912 servio
1017 854 1245 924 tractareiucipit,
1255 854 1326 925 quod
1335 853 1452 909 nonsine
1462 847 1668 904 ratiorredivina
1679 844 1808 916 theologia

172 948 225 1022 legi
240 948 306 1014 Dei,
321 963 405 1005 carne
424 932 515 1004 a‘ulem
534 934 598 1018 legi
609 947 715 1016 peccati
729 963 758 1014 »3
775 947 891 1025 ideoque
909 948 966 1017 ipsa
1017 943 1209 998 similitudines
1219 959 1310 1000 rerum
1322 941 1536 1017 invisibiliumex
1543 934 1733 991 onmivisibili
1740 948 1809 990 crus·

173 1054 237 1112 pars
272 1048 365 1095 nostra
385 1036 397 1069 ⁸
416 1036 524 1092 divinae
554 1035 705 1110 lbeologiae
735 1024 968 1093 administratione
1019 1042 1078 1090 tura
1093 1035 1247 1105 sumpserit.
1267 1034 1412 1118 Propterea
1435 1030 1558 1101 sequitur
1577 1042 1586 1081 ι
1605 1024 1661 1081 Sed
1683 1026 1808 1092 itaquect

172 1141 315 1202 purgatur,
329 1138 361 1185 ut
370 1138 485 1201 purgata
498 1128 526 1185 in
539 1128 699 1184 caelestium
711 1129 854 1196 virtutum,
870 1131 968 1201 ipsius·
1018 1127 1066 1181 boc
1089 1127 1232 1198 intellipera
1260 1110 1395 1197 aporici?
1404 1123 1468 1178 nibil
1491 1135 1602 1182 eoram,
1634 1133 1707 1188 quae
1738 1126 1808 1182 sunt,

173 1236 226 1293 que
238 1235 337 1277 causae
347 1220 470 1276 omnium
481 1218 736 1288 contemplationem
749 1229 812 1290 apta
829 1221 876 1274 ilat
889 1229 969 1290 atque
1018 1237 1073 1276 esse
1090 1219 1269 1275 uniuersaliter
1287 1219 1347 1274 boni
1360 1216 1558 1288 participatione
1570 1213 1724 1284 priuatum,
1740 1212 1811 1282 siqui-

174 1308 320 1370 instructa.
344 1311 379 1367 lit
401 1325 565 1381 suggerens,
584 1310 660 1365 ¹uelut
680 1312 790 1382 proprie
806 1309 969 1367 transfertur
1020 1315 1087 1377 dem,
1104 1323 1131 1366 ut
1146 1313 1308 1383 eloquiorum
1324 1313 1418 1367 ueritas
1430 1310 1454 1342 ¹⁸
1467 1312 1516 1374 ait,
1534 1308 1625 1362 anania
1644 1307 1716 1361 bona
1735 1307 1810 1361 ualde.

174 1405 348 1474 subpungens
376 1400 388 1434 ⁸
419 1417 467 1458 scu
496 1403 689 1459 substimulans
723 1413 868 1471 mentem,
912 1404 969 1484 ipsa
1020 1403 1131 1475 Oportet
1149 1418 1212 1469 nos,
1229 1403 1330 1473 inquit,
1345 1401 1370 1433 ¹⁸
1383 1401 1545 1471 intelligere,
1559 1397 1635 1468 quod
1656 1397 1735 1452 nrrlla
1748 1412 1810 1452 crea-

176 1493 311 1565 tbeologia
325 1506 374 1563 per
383 1489 582 1548 deformitatem
603 1493 840 1562 compositionum,
852 1494 904 1548 boc
917 1502 967 1557 εει,
1020 1501 1080 1548 tura
1095 1501 1152 1560 est,
1165 1508 1234 1564 quae
1248 1492 1359 1547 omnino
1372 1489 1450 1560 juxta
1467 1503 1544 1544 suam
1558 1486 1723 1558 analogiam
1739 1487 1813 1556 parti·

174 1599 224 1656 per
238 1583 373 1640 deformes
387 1583 608 1651 imaginationum
629 1584 771 1639 nrixturas.
792 1584 825 1638 Et
845 1585 896 1639 lroo
913 1600 971 1656 sug·
1021 1584 1155 1654 cipatione
1166 1584 1263 1640 summi
1278 1583 1341 1638 boni
1356 1583 1488 1653 privetur.
1506 1579 1551 1635 stt
1565 1578 1643 1634 euim
1659 1576 1813 1648 Scriptura:

176 1676 248 1747 gerit
274 1673 369 1740 menti,
386 1673 464 1743 quia,
478 1674 549 1729 sicut
570 1673 756 1745 insipientibus
770 1673 781 1705 ⁸
794 1673 912 1738 videtur,
928 1674 970 1728 tii·
1024 1694 1033 1726 r
1050 1683 1076 1728 et
1089 1674 1155 1730 vidit
1167 1674 1247 1739 Deus,
1263 1683 1290 1728 et
1303 1689 1367 1729 ecce
1381 1674 1471 1728 omnia
1489 1671 1560 1727 bona
1575 1669 1659 1725 valde
1675 1689 1702 1725 s.
1719 1669 1752 1725 lit
1764 1670 1786 1701 ¹¹
1796 1668 1815 1724 si

176 1771 241 1826 vina
274 1769 457 1840 ⁸spectacula
475 1776 503 1822 et
520 1766 730 1839 supercaelestia
759 1767 857 1823 similia
880 1766 969 1821 sunt¹
1023 1763 1059 1818 ita
1072 1765 1206 1834 est,quid
1221 1764 1368 1830 mirum,‚si
1381 1765 1408 1820 in
1423 1763 1503 1818 rebus
1514 1760 1714 1843 materialibus
1728 1775 1815 1831 speut-

177 1859 866 1929 seeundumveritatemturpibusimaginationibtrs.
880 1856 972 1926 Neque
1023 1855 1131 1909 lationis
1154 1855 1363 1923 intelligibilium
1387 1853 1495 1909 occasio
1519 1861 1658 1917 sumatur,
1685 1859 1734 1917 ut,
1758 1865 1816 1921 quo·

175 1952 276 2024 justum
290 1967 377 2022 neque
389 1966 483 2005 verum
503 1951 554 2005 buc
567 1958 619 2014 est,
634 1964 722 2018 neque
739 1948 792 2003 ulla
804 1948 910 2019 justitia
926 1960 973 2001 ne·
987 1935 1010 1994 Β
1024 1946 1095 2000 niam
1110 1946 1201 1999 omnia
1226 1961 1360 1999 summum
1383 1946 1482 2001 bonum
1500 1941 1689 2014 participant,
1701 1958 1737 1999 ex
1752 1943 1815 1998 sini·

178 2042 297 2115 queulla
312 2043 414 2098 veritas
429 2041 572 2111 approbat,
587 2054 674 2111 neque
687 2039 972 2108 valderesipsacms·
1024 2040 1136 2095 litudine
1152 2038 1310 2093 interiorum
1331 2038 1463 2094 bonorum
1478 2038 1512 2092 ad
1531 2036 1724 2104 coguitionem
1744 2034 1816 2091 subii·

178 2134 289 2190 leriales
311 2133 379 2190 lluut
407 2133 728 2203 incircumscriptibilium
743 2126 766 2207 ⁸„
786 2131 930 2203 spirituum
950 2129 973 2196 ⁸,
1024 2132 1108 2186 mium
1120 2130 1255 2186 humanus
1269 2127 1376 2185 animus
1388 2129 1474 2198 possit
1488 2126 1658 2183 ascendere?
1674 2125 1712 2182 Et
1724 2127 1816 2182 bocrsl
1840 2181 1848 2205 ⁰

177 2226 280 2282 similes
293 2225 317 2258 ¹⁸
338 2222 464 2281 siblesse
482 2224 698 2295 supercaelestes
719 2223 853 2277 essentias
877 2234 974 2290 appro·
1023 2222 1252 2294 qundsequitur:
1676 2217 1683 2223 ”
1757 2218 1761 2222 ’

179 2315 256 2381 bant,
270 2313 358 2384 magis
369 2323 459 2369 autem
471 2314 528 2368 suis
540 2313 681 2382 speciebus
696 2319 836 2381 respuunt.
857 2309 973 2363 Natura·
1027 2310 1076 2386 “q
1090 2315 1126 2368 i:
1139 2313 1187 2369 Est
1198 2330 1258 2385 erpo
1269 2313 1431 2370 examinibus
1445 2312 1589 2386 intellipers
1606 2314 1693 2370 bom
1710 2311 1811 2385 specula·

180 2402 244 2458 liter
255 2403 354 2489 quippe
365 2402 517 2458 materialia
531 2403 621 2458 ornnia
632 2402 659 2456 in
669 2401 820 2471 spiritualia
834 2398 974 2454 transferri
1025 2407 1118 2470 tiones,
1141 2414 1165 2458 et
1183 2404 1355 2458 invisibilibus
1374 2413 1399 2458 et
1420 2402 1643 2459 intellectualibus
1658 2420 1694 2460 ea·
1711 2402 1814 2458 mutini

181 2502 321 2565 appetunt,
337 2493 488 2562 spiritualia
500 2489 565 2547 'vero
580 2492 612 2546 ad
636 2490 819 2546 materialium
842 2487 974 2543 humilem
1025 2497 1048 2529 ¹⁸
1063 2497 1205 2567 celorinum
1221 2495 1306 2549 dictas
1327 2494 1465 2549 dissimiles
1483 2492 1505 2525 ¹⁸
1524 2492 1813 2559 studiosissumus

180 2585 394 2654 vilissimamque
417 2584 618 2639 extremitatem
640 2583 764 2638 inclinari
785 2582 895 2647 uolunt,
911 2596 975 2651 quo
1024 2591 1101 2644 „tono
1126 2588 1344 2643 intellectualibus
1368 2586 1540 2652 habentibus,
1563 2600 1636 2658 quse
1659 2584 1812 2642 sensibilius

180 2677 253 2732 niam
266 2675 432 2752 impossibile
444 2684 495 2730 est.
509 2674 639 2731 Possibile
651 2681 693 2731 est
707 2689 824 2744 namquo
847 2673 976 2728 interiora
1026 2680 1102 2733 aliter
1113 2679 1253 2733 distributa
1267 2689 1338 2733 sant.
1358 2678 1401 2745 Si,
1417 2679 1519 2747 inquit,
1535 2677 1632 2734 omnis
1644 2677 1746 2734 summi
1759 2672 1812 2731 boni

180 2766 215 2822 ad
227 2767 366 2837 superiora
381 2767 528 2822 ascendere
540 2805 548 2832 ,
560 2765 726 2822 descendere
743 2780 810 2820 vero
835 2764 975 2836 superiora
1025 2769 1215 2839 participantia
1230 2777 1310 2834 sunt,
1326 2776 1434 2840 oportet
1448 2768 1573 2839 prolecto
1585 2784 1622 2825 ex
1637 2770 1765 2825 omnibus
1779 2768 1813 2823 itt·

179 2860 214 2914 ad
241 2858 371 2916 inferiora
396 2859 513 2914 naturali
541 2859 783 2923 transmutatione,
809 2857 976 2928 impossibile
1027 2860 1162 2928 subigere,
1184 2860 1236 2914 boc
1250 2869 1307 2924 est,
1329 2861 1354 2912 in
1369 2860 1494 2914 omuibus
1508 2859 1693 2916 manualibus
1708 2857 1813 2928 conspi-

179 2959 232 3006 cst.
252 2951 286 3006 Et
311 2950 335 3007 si
359 2951 421 3023 quis
448 2951 546 3006 alluerit
572 2968 578 3005 :
601 2951 708 3008 videtur
727 2950 748 2982 ¹¹
764 2950 856 3019 itaque
880 2950 976 3005 beatus
1026 2952 1082 3005 cari
1097 2937 1414 3006 botrasim‘tiritterialium
1432 2951 1454 2982 ⁸⁸
1470 2951 1731 3022 contemplationes,
1744 2959 1773 3006 et
1786 2964 1813 3004 es

183 3041 326 3112 Dionysius
341 3043 475 3113 angelicas
490 3043 605 3098 uirtutes
616 3044 727 3098 omnino
739 3057 833 3098 carere
848 3044 869 3074 ¹¹
882 3057 977 3112 ωερε·
1027 3041 1149 3096 nrateriis
1172 3041 1345 3096 sensibilibus
1365 3041 1483 3097 iortuare
1502 3041 1660 3111 praedictas
1678 3040 1812 3099 dissimilet

181 3133 257 3186 ribus
285 3132 432 3202 praedictis
457 3134 609 3188 rationibus
634 3132 747 3205 [dicere]
767 3131 800 3185 ⁸⁸.
821 3131 871 3186 Cui
888 3131 978 3185 brevi·
1027 3132 1231 3198 similitudines,
1247 3141 1276 3188 ut
1291 3148 1340 3203 per
1354 3148 1400 3188 eas
1415 3124 1564 3189 invisibiles
1575 3141 1606 3189 ει
1623 3132 1811 3190 intellectuales

184 3231 225 3276 ter·
253 3229 295 3274 est
310 3220 332 3250 ¹⁸
347 3222 575 3288 respondendum.
595 3221 715 3276 Terrena
734 3219 937 3289 materialiaque
954 3219 976 3250 ¹⁸
1028 3223 1213 3295 intelligantur
1231 3210 1356 3291 simules,
1377 3225 1440 3279 dum
1460 3240 1513 3280 non
1533 3224 1650 3291 eodem,
1670 3225 1723 3281 sed
1740 3224 1812 3279 altero

184 3328 298 3385 corpora
309 3315 444 3380 mortalia,
461 3313 658 3384 corruptibilia,
673 3313 857 3368 membrorum
873 3311 896 3342 ¹⁸
906 3283 1011 3367 corrr·C
1027 3315 1106 3368 modo
1133 3313 1343 3384 intelligibilium
1368 3314 1453 3369 virtus
1475 3323 1503 3367 et
1527 3313 1705 3371 sensibilium
1728 3325 1812 3371 utura

183 3404 361 3476 positionibus
382 3403 524 3471 distincta,
541 3403 714 3460 sensibilibus
733 3405 754 3437 ¹⁸
768 3403 863 3460 formis
881 3403 976 3461 locali·
1027 3405 1198 3476 perspicitur.
1210 3405 1286 3473 Quod
1296 3415 1498 3487 &insequenter
1511 3405 1650 3462 subnectit
1662 3402 1812 3464 diccmzlt

184 3497 289 3564 busque
304 3494 398 3564 spatiis
411 3493 627 3563 circumscripta,
645 3494 813 3565 temporibus
826 3493 975 3560 mutabilia,
1027 3497 1096 3549 enim
1117 3496 1192 3565 [uror
1209 3484 1432 3550 irrationabilibus
1446 3495 1550 3567 quidem
1564 3512 1597 3550 ec
1615 3497 1742 3566 passibili
1754 3503 1813 3552 stab

184 3599 233 3641 seu
260 3585 356 3640 borum
379 3583 499 3640 omnium
523 3584 670 3656 imagines,
694 3585 753 3640 siue
773 3584 795 3616 ¹⁸
810 3584 925 3639 interius
949 3585 976 3637 in
1028 3588 1103 3652 inest,
1115 3597 1140 3642 et
1153 3588 1223 3641 omni
1236 3588 1468 3642 irrationabilitate
1481 3598 1518 3642 est
1534 3586 1651 3660 repletus
1666 3589 1813 3660 luminis

183 3675 369 3746 pbantasiis¹⁸
391 3675 555 3742 memoriae,
578 3675 635 3732 sive
657 3674 777 3732 exterius
797 3676 824 3729 iu
849 3689 976 3730 sensuum
1027 3697 1117 3734 aarum
1140 3689 1242 3744 motus,·
1267 3678 1312 3733 sed
1336 3680 1364 3732 in
1390 3678 1611 3735 intellectualibus
1634 3679 1725 3736 altero
1745 3679 1811 3737 usis

184 3767 362 3839 impressione
376 3768 411 3835 ¹⁸,
423 3767 529 3823 divinos
541 3765 881 3835 animoslraberepenitus
894 3767 976 3820 dene·
1028 3779 1126 3839 oportet
1152 3769 1282 3824 irascibile
1305 3770 1457 3841 irrtcllipere.
1483 3770 1579 3836 l'uror,
1604 3769 1712 3842 inquit,
1731 3780 1760 3828 st
1778 3771 1811 3826 irt

183 3867 238 3930 gat.
254 3857 411 3930 spiritualia
427 3866 518 3913 autem
531 3872 646 3929 corpora
662 3856 809 3929 simplicia,
824 3855 905 3912 nullis
920 3856 977 3910 lor·
1027 3860 1122 3915 bestiis
1136 3860 1240 3914 ratione
1254 3861 1411 3915 carcrrtlbus
1425 3876 1460 3918 ex
1478 3859 1616 3929 passibili,
1639 3860 1761 3919 naturali
1779 3869 1811 3915 ts·

183 3963 290 4003 uranum
319 3946 487 4003 sensibilium
511 3947 534 3978 ¹¹
564 3947 735 4003 lineamentis
754 3949 777 3978 ¹¹
800 3955 923 4003 coartata
942 3945 975 4010 ¹⁸,
1028 3968 1089 4007 rnen
1113 3960 1198 4018 rnatu,
1227 3953 1410 4019 vel,sicutin
1426 3952 1811 4030 Graecoseribitur,ltlpare

184 4039 250 4110 ipsis
272 4038 371 4095 divinis
390 4038 489 4094 animis
514 4039 649 4096 simillima
672 4047 700 4096 et
719 4039 976 4096 convenientissima
1025 4041 1187 4117 erisippei,
1204 4058 1238 4098 ex
1253 4044 1372 4114 passibili
1389 4045 1492 4113 impetu
1506 4043 1550 4100 vel
1564 4044 1729 4114 cupiditate,
1742 4046 1810 4103 insili

182 4132 323 4203 possidere
341 4145 389 4188 eos
404 4143 458 4186 nou
473 4130 561 4186 solum
576 4146 631 4187 nou
646 4133 771 4204 denegat,
785 4147 880 4188 rerum
894 4132 975 4188 etiam
1026 4144 1105 4200 auru,
1121 4136 1369 4208 irrationabilisque
1383 4152 1477 4193 eorum
1492 4144 1582 4194 notus
1595 4135 1698 4208 plenus
1708 4148 1753 4198 est
1765 4140 1811 4196 irat

182 4221 307 4279 alllrmat.
320 4223 351 4279 ln
369 4222 477 4295 quibus,
495 4222 659 4280 caelestibus
678 4223 805 4281 videlicet
826 4223 973 4281 srrbtilissi·
1026 4240 1108 4300 atquc
1123 4230 1231 4294 luroris,
1249 4237 1280 4285 ει
1294 4230 1321 4284 in
1336 4230 1459 4287 leonibus
1472 4230 1628 4302 ceterisque
1641 4230 1708 4290 ieris
1721 4231 1811 4289 feroci

180 4317 287 4389 nisque
311 4316 369 4373 suis
387 4316 557 4388 corporibus,
584 4314 713 4373 humanis
731 4316 871 4373 obtutibus
895 4329 975 4386 saepe
1026 4322 1085 4386 bus,
1109 4337 1225 4392 quarum
1249 4320 1392 4379 furibunda
1415 4325 1504 4380 rabies
1526 4324 1573 4379 ris
1595 4323 1701 4381 dewi
1717 4331 1811 4396 potest

181 4408 324 4466 visibiliter
341 4424 498 4480 apparuere,
510 4418 540 4464 ut
554 4408 691 4465 Abrabam
702 4417 731 4463 et
744 4407 865 4473 Tobiae,
886 4416 975 4463 trans·
1027 4411 1085 4467 lion
1106 4420 1195 4466 tamen
1215 4411 1242 4466 in
1255 4413 1296 4468 eis
1308 4413 1375 4468 tales
1390 4423 1479 4469 motus
1492 4415 1738 4485 reprehenduntur,
1752 4430 1811 4488 quo·

181 4510 317 4558 mutantes
332 4502 481 4558 invisibiles
494 4509 522 4556 el
532 4488 781 4571 incircumscriptas
797 4515 908 4556 suorum
921 4501 975 4570 spi·
1027 4501 1100 4555 niam
1125 4499 1262 4556 naturales
1275 4510 1355 4566 sunt,
1374 4512 1402 4557 ct
1421 4502 1480 4557 sine
1500 4502 1601 4573 quibus
1620 4512 1737 4562 naturae
1756 4519 1811 4578 pro

181 4590 320 4646 ritualium
339 4605 483 4661 corporum
496 4590 640 4661 qualitates
651 4592 679 4646 in
686 4604 863 4661 quascunque
872 4587 976 4645 lormas
1028 4591 1129 4662 prietas
1144 4591 1263 4662 ipsarum
1278 4590 1426 4646 bestiarum
1439 4590 1559 4660 perlecta
1572 4606 1635 4650 esse
1650 4609 1706 4651 nos
1717 4600 1811 4667 potestt

180 4682 319 4747 visibiles,
338 4681 366 4736 in
385 4682 482 4751 quibos
502 4680 657 4739 horninibus
678 4697 707 4738 se
729 4681 905 4738 manifestare
926 4695 973 4738 ve·
1027 4683 1101 4738 mitis
1117 4683 1189 4738 enim
1209 4682 1252 4738 leo
1269 4682 1312 4738 leo
1328 4698 1382 4738 non
1400 4692 1458 4749 est;
1474 4685 1521 4740 secl
1538 4683 1603 4740 dum
1623 4686 1692 4744 talis
1708 4688 1813 4758 impetus

110 4832 120 4848 .
182 4772 241 4829 lint.
1026 4773 1125 4830 luroris
1146 4784 1174 4831 et
1197 4775 1254 4831 irae
1276 4775 1334 4831 sive
1356 4776 1390 4832 de
1409 4777 1477 4841 ileo,
1501 4777 1558 4832 sive
1578 4779 1613 4834 de
1633 4778 1812 4842 intellectuali,

214 4863 351 4920 llactenus
362 4863 396 4920 de
407 4864 588 4937 providaerga
596 4865 781 4936 purgationem
791 4867 874 4921 nostri
889 4864 972 4920 animi
1026 4866 1084 4921 sive
1105 4865 1230 4922 rationali
1246 4867 1268 4899 ⁸¹
1282 4867 1432 4938 sapientia,
1448 4876 1538 4925 minen
1556 4877 1703 4942 creatura,
1716 4868 1813 4943 praeil-

835 4975 964 5031 inulti:
983 4973 1184 5033 unctiones.

220 5087 293 5146 ¹Sic
306 5072 714 5155 c,s‘natamlia‚unatnratta
726 5086 831 5157 (punct.
845 5084 900 5155 adj.
913 5083 966 5156 B').
1004 5083 1159 5142 'blicam
1202 5086 1417 5144 ⁸Bnostrnesl.
1469 5089 1667 5164 '‘Corr.B'(B
1680 5093 1814 5166 scripsisse

180 5161 287 5218 videtur
309 5159 495 5231 subponpens),
517 5158 724 5230 Ambisama,
740 5157 760 5212 C
774 5157 948 5225 srtbpongens.
1012 5153 1024 5186 ⁸
1039 5153 1085 5210 Sic
1099 5156 1131 5220 c,
1152 5155 1174 5210 B
1190 5157 1401 5226 itrspicientibust
1415 5159 1446 5214 B‘
1459 5160 1491 5214 ad
1507 5176 1593 5233 marg.
1607 5177 1682 5219 corr.
1697 5165 1814 5235 insipien·

181 5232 260 5287 tibus.
297 5230 450 5299 ⁸B‘supra
469 5229 556 5286 adscr.
580 5229 649 5300 quoti
674 5228 775 5283 divina.
826 5224 952 5280 'brad
983 5238 1057 5280 corr.
1076 5226 1137 5279 sint.
1176 5226 1544 5299 ⁸Aincircuntscriplum,li
1568 5232 1676 5289 videtur
1694 5233 1814 5291 munisse

180 5301 462 5367 incircumscriptuum,
478 5300 535 5354 sed.
554 5300 612 5353 rad.
625 5313 696 5353 corr.
711 5295 976 5359 incircumscriptum,
989 5293 1021 5347 Β·
1036 5310 1117 5365 supra
1140 5295 1229 5352 adscr.
1253 5312 1326 5353 corr.
1351 5299 1674 5370 incircumscriptibilium,
1695 5302 1718 5361 C
1737 5304 1814 5361 iscir-

180 5372 406 5443 cumscriptornnr.
458 5367 742 5440 ’sumtuumomlb
802 5367 823 5399 ¹⁸
842 5365 936 5430 Corui..
953 5362 1145 5447 dlicusimilic.
1207 5367 1271 5422 ΗΒ·
1287 5381 1374 5470 marg.
1389 5369 1479 5426 adscr.
1496 5381 1585 5426 utrum
1708 5374 1814 5430 bubum

181 5458 300 5513 corpora.
354 5441 375 5472 ¹¹
393 5438 439 5495 Sic
453 5439 528 5496 ABG.
581 5439 604 5471 ¹⁸
618 5439 704 5494 dicere
725 5435 902 5503 om.,addidi
915 5451 949 5492 ex
966 5450 1038 5504 cont.
1077 5434 1100 5467 ¹⁸
1115 5434 1164 5491 Est
1182 5451 1237 5492 om.
1252 5437 1286 5492 nl.
1334 5438 1569 5495 ¹Bmaturialia.
1620 5441 1815 5500 ¹litraestbrs·

180 5527 298 5583 mirque.
316 5512 337 5544 ¹¹
354 5510 543 5576 Brensibibas,
558 5509 589 5564 Β·
604 5524 685 5580 supra
703 5509 853 5565 adscr.-li·.
893 5507 914 5539 ¹¹
933 5505 954 5560 B
972 5522 1029 5562 sets.
1081 5504 1102 5537 ¹⁸
1125 5507 1280 5562 Becterius
1297 5507 1461 5578 pbantasias.
1500 5509 1557 5565 ⁸⁸8
1574 5510 1605 5565 in
1623 5527 1751 5568 sensuum
1767 5514 1813 5568 irs·

179 5602 347 5671 pressionem.
396 5601 419 5634 ¹¹
434 5600 618 5668 Bsensilium,
639 5601 752 5658 B'curr.
777 5600 948 5657 sensibilium.
994 5597 1018 5628 ¹⁸
1032 5594 1098 5652 suc
1122 5594 1294 5678 liniamentis.
1343 5597 1367 5630 ¹⁸
1385 5597 1451 5654 ABG
1474 5584 1603 5657 coartata}
1655 5602 1716 5659 ⁸⁸ll
1736 5602 1815 5677 reiut·

181 5671 316 5727 molionss.
363 5671 388 5704 ¹⁸
402 5672 448 5729 Sic
465 5674 498 5728 atl
513 5688 600 5743 marg.
618 5687 690 5728 corr.
707 5667 1050 5739 li·;bueteris,liueleris
1065 5665 1168 5739 (punct.
1187 5668 1257 5736 subt.
1281 5666 1334 5739 θ’).
1386 5668 1446 5722 ¹⁸B
1472 5670 1557 5742 inquil
1577 5687 1635 5728 nos.
1687 5672 1812 5731 “lissi

172 5757 263 5824 ,usic
275 5760 330 5816 ΑΒ,
379 5761 707 5834 uppmgegffiupffl,
723 5764 820 5823 ,adm
845 5764 911 5821 εἰς..
957 5740 1043 5816 '⁸⁸⁸'Sib
1055 5758 1087 5826 C,
1102 5758 1147 5813 AB
1161 5758 1304 5815 bonomia
1316 5759 1506 5828 materialibus,
1522 5760 1554 5816 Β·
1576 5777 1648 5822 corr.
1665 5763 1816 5823 tomus·

181 5848 370 5906 trtalerinlium.
410 5851 431 5882 ⁸¹
447 5852 470 5905 Α
488 5851 634 5907 rationulis.
