3984 6534
171 399 224 455 Μ
441 473 447 490 Ι
596 398 708 457 SUPER
726 398 938 455 leutucttlttu
958 393 1163 454 utcuusruu
1184 394 1215 451 S.
1234 395 1391 453 utontstt.
1744 404 1798 462 ἧς

174 518 322 575 daemones
348 513 447 584 plane,
475 514 618 584 imperare.
645 513 782 569 Aduersus
807 511 961 583 snperbiam
977 521 998 576 Α
1013 516 1119 563 etornm
1144 521 1298 577 angelorum
1325 509 1426 563 viritim
1453 510 1474 542 ¹¹
1496 511 1522 565 in
1547 514 1646 570 ceteris
1673 518 1798 586 gentibus

174 606 338 663 lttdaeorom
359 604 413 659 boe
435 603 536 660 dictum
558 603 684 667 arbitror,
704 603 749 672 qni
772 602 858 670 ipsum
876 601 959 654 Derim
1012 598 1165 667 imperinm,
1181 604 1210 650 nt
1224 612 1272 667 per
1285 611 1361 661 eum,
1377 599 1656 670 angelumridelieet,
1677 617 1796 676 gentem,

174 714 225 768 per
249 711 279 751 se
298 695 397 764 ipsum,
434 709 487 748 non
513 709 562 764 per
587 693 702 764 aliquem
721 693 876 762 angelornm
894 690 959 745 sui*
1012 687 1054 741 cni
1070 695 1187 756 praeest,
1202 686 1228 739 in
1247 687 1428 756 cognitionem
1440 689 1648 748 uniusomnium
1662 696 1801 768 principii,

175 787 311 856 imperare
320 784 373 839 sibi
385 792 536 844 arrianam,
550 783 663 852 ideoque
684 784 734 837 se¹
749 780 962 836 honorabiliores
1012 775 1082 844 ettotl
1094 775 1150 842 inse
1167 773 1294 827 Dominus
1315 784 1367 838 est,
1388 776 1547 832 reduceret:
1570 791 1712 861 pqopterea
1730 787 1799 842 dixit

172 875 274 930 ceteris
285 874 411 944 gentibus
425 872 585 941 gloriantur,
600 873 676 942 qnasi
690 871 806 941 speciale
819 869 960 939 imperinm
1011 862 1124 917 blielrael
1142 860 1284 916 ludoicum
1306 862 1414 919 dttxisse
1436 867 1571 934 populum,
1599 862 1701 940 ul'per
1714 888 1797 931 unum

173 966 258 1019 unius
283 964 332 1019 liei
345 963 447 1017 electos
467 961 682 1032 populnslsracl.
699 960 828 1030 Sequitur
848 958 962 1014 :Sedet
1012 953 1107 1007 ducem
1131 951 1211 1005 utrius
1223 950 1242 982 ¹⁷
1266 952 1353 1021 gentis
1378 968 1505 1019 expresse
1526 957 1694 1013 norisinatum
1715 962 1736 994 ¹¹
1752 978 1798 1018 oe·

173 1053 311 1124 eloquium
321 1051 386 1105 illud
398 1051 538 1105 ursarium
549 1052 631 1119 ipsam
648 1067 751 1104 sacram
765 1048 962 1120 intellipentions
1012 1049 1085 1096 ieros
1099 1048 1250 1095 ceterarum
1270 1041 1391 1111 genitium
1404 1044 1487 1098 duces
1511 1046 1589 1102 nobis
1602 1047 1752 1108 insinuaret
1764 1056 1799 1120 ¹¹,

174 1143 357 1211 accipiendum
377 1139 399 1193 ¹.
422 1138 479 1194 Non
509 1141 668 1205 oecnndum,
687 1139 784 1209 inquit,
803 1137 897 1193 salsam
918 1152 963 1193 su·
1012 1139 1080 1186 etot
1101 1129 1196 1184 falsam
1214 1131 1367 1200 opinionem
1382 1132 1546 1189 trrrlaeornm
1569 1138 1731 1206 destrueret,
1752 1146 1799 1216 qni

175 1232 343 1300 norhantone
369 1227 382 1261 ¹
400 1226 540 1283 iudaicam
564 1227 730 1298 opinionem,
755 1243 807 1298 qua
835 1243 865 1283 se
881 1226 962 1282 relati
1011 1219 1275 1289 opinantur,nnllnm
1285 1221 1433 1290 principem
1446 1223 1496 1277 nisi
1510 1224 1596 1294 ipsum
1609 1227 1799 1288 Dentuimme·

174 1321 311 1393 „mpsim
328 1318 376 1375 opt
389 1319 583 1375 haereditatem
593 1317 732 1387 jacqjqanqt
740 1359 748 1385 ‚
770 1319 859 1375 dtqina
873 1321 963 1388 propp.
1012 1308 1084 1363 diate
1096 1309 1147 1364 sibi
1159 1309 1299 1378 imperare.
1314 1310 1461 1380 Sequitur:
1475 1312 1569 1382 Aperte
1589 1333 1635 1370 nos
1648 1318 1799 1386 edocens¹¹,

172 1407 965 1479 pffluaaceipiepalaesr‚se41010qrpiumitiuqqecjpren.
1013 1414 1092 1451 unam
1111 1398 1133 1429 ¹¹
1157 1415 1212 1452 esse
1237 1399 1352 1453 orntn'nm
1374 1402 1563 1469 procidentiam
1587 1407 1609 1436 ¹¹
1634 1408 1713 1461 simui
1745 1427 1800 1464 om·

172 1498 387 1564 dnm‚h00051‚
400 1498 491 1553 divina
507 1496 646 1567 scriptura
656 1499 802 1556 scrutanda
816 1498 962 1554 secundum
1014 1489 1091 1541 nibus
1115 1488 1290 1542 invisibilibus
1324 1499 1348 1544 et
1378 1491 1521 1546 visibilibus
1547 1495 1685 1551 uirtutibus
1712 1515 1803 1569 snper·

172 1587 264 1656 msam
285 1595 407 1643 sanemrn
431 1585 646 1664 intelligentiam,
668 1601 737 1655 qnae
749 1587 839 1653 docet,
857 1602 965 1658 rempn-
1013 1582 1185 1635 essentialiter
1198 1581 1473 1651 sarpereoiloeatam¹¹.
1490 1584 1629 1656 Tanquam
1645 1589 1668 1644 si
1682 1589 1801 1647 diceret:

173 1679 275 1733 blicam
296 1674 460 1733 universalis
475 1686 616 1733 creaturae
638 1679 773 1733 communi
795 1680 964 1750 providentia
1013 1670 1157 1742 Propterea
1185 1674 1316 1745 theologia
1330 1676 1354 1707 ¹²
1371 1676 1491 1746 singulos
1503 1661 1803 1752 sinqltiiti‘iliit‘ffe'n'era-

173 1776 202 1822 et
220 1765 333 1823 salute¹
346 1766 502 1837 gabernari.
513 1766 659 1837 Propterea
681 1768 804 1823 subditur
822 1787 829 1824 ι
854 1765 916 1824 Nan
936 1779 964 1824 ar
1015 1750 1120 1817 tiaran·
1140 1765 1249 1833 angelos
1276 1766 1376 1831 tradit,
1405 1783 1485 1822 unam
1508 1769 1554 1824 nm
1576 1771 1755 1840 distribuens,
1776 1784 1806 1830 ut

172 1856 304 1926 partiente
327 1854 383 1910 ileo
411 1871 472 1908 euos
500 1854 561 1908 allis
586 1856 638 1910 diis
655 1865 701 1909 out
721 1857 821 1927 appetis
844 1860 961 1913 nostrum
977 1871 999 1929 B
1013 1862 1106 1924 aperte
1121 1870 1171 1910 nos
1183 1856 1305 1922 elocent,
1321 1873 1400 1911 tritam
1412 1859 1436 1891 ¹¹
1450 1875 1509 1915 esse
1523 1863 1643 1917 omnium
1659 1866 1805 1933 providen-

172 1946 313 2011 tlttsutttat,
331 1954 355 2000 et
379 1943 466 1999 lsrael
489 1946 517 1999 in
540 1947 623 2016 petetis
649 1947 823 2017 principatum
842 1950 965 2020 arpentis
1018 1946 1102 2010 liant,
1126 1960 1196 2015 qnae
1217 1946 1296 2002 simui
1316 1950 1441 2005 onndbns
1463 1951 1642 2009 invisibilibus
1655 1956 1805 2013 etvisibili·

173 2035 303 2089 decatum
322 2045 444 2089 contento
457 2035 481 2100 ¹,
505 2037 550 2089 sed
574 2047 601 2089 ut
616 2038 673 2106 ipsa
693 2039 797 2107 quidem
817 2057 870 2094 uno
888 2039 966 2116 simul
1016 2036 1067 2089 bus
1081 2037 1225 2091 uirtutibus
1248 2052 1330 2106 super
1350 2054 1457 2094 omnem
1483 2044 1628 2098 essentiam
1644 2048 1808 2115 supercollo-

173 2125 294 2179 ιιιιιιιὶιιιιι
303 2124 408 2178 excelso
419 2124 579 2194 prouidentia
594 2143 681 2180 ontnes
692 2128 807 2182 bomines
815 2128 967 2183 salutariter
1017 2135 1104 2182 catttr.
1126 2125 1222 2180 Omtres
1241 2137 1328 2181 autem
1349 2144 1394 2198 per
1412 2130 1530 2199 sinpulas
1544 2143 1631 2201 pentes
1651 2137 1807 2205 imperantes

174 2215 343 2284 propriorem
364 2211 517 2283 capeiorttnt
537 2215 702 2269 restitutoriis
721 2216 967 2271 ntrtnuductionibns
1017 2214 1143 2284 onpelos,
1167 2216 1193 2267 in
1210 2216 1294 2284 ipsum
1313 2228 1339 2270 ut
1350 2219 1483 2285 proprium
1495 2220 1650 2290 prirtcipium
1663 2237 1805 2294 sequentes,

173 2303 358 2366 distribuente,
375 2302 432 2357 solo
455 2302 510 2372 {ere
530 2304 628 2358 ¹ultra
656 2322 744 2360 ornnes
765 2305 850 2360 lsrael
868 2308 895 2362 in
914 2309 967 2361 ueri
1017 2304 1149 2358 uoltnttute
1163 2306 1295 2360 essentiali
1308 2324 1422 2378 quartaque
1434 2310 1539 2365 uirtutes
1550 2315 1697 2370 estendere.
1723 2318 1807 2374 Asu-

174 2394 286 2452 licsritri
296 2395 519 2451 illuminationem
533 2404 558 2448 et
577 2396 747 2464 ambitionem
764 2413 895 2451 eotrnereo.
910 2396 967 2450 Non
1018 2397 1168 2464 purioribus
1181 2397 1356 2455 stibauditnr:
1372 2407 1401 2453 ut
1422 2401 1532 2457 doceret
1553 2418 1603 2459 nos
1621 2407 1715 2461 eadem
1735 2410 1809 2464 tbeo-

174 2487 266 2559 qussi,
289 2486 388 2557 inquit,
412 2486 561 2555 partiretur
581 2486 652 2541 Deus
669 2503 732 2541 cum
745 2487 837 2543 alteris
856 2487 908 2542 diis
922 2495 968 2542 arn
1019 2483 1101 2553 logio,
1123 2485 1194 2555 quod
1218 2500 1312 2540 omnies
1331 2487 1495 2559 imperantes
1514 2492 1600 2562 angeli
1621 2509 1671 2563 per
1691 2496 1810 2566 singulas

175 2581 292 2653 aoqelb,
313 2580 366 2635 boo
382 2577 604 2642 eat,diuideret¹
628 2579 701 2633 inter
727 2577 905 2633 alterosdeos
923 2587 969 2633 aut
1019 2581 1114 2643 geistes
1134 2574 1293 2642 extendunt,
1323 2577 1375 2631 bne
1398 2588 1455 2644 est,
1472 2581 1625 2636 subruimus
1649 2595 1805 2654 sequentes,

176 2670 289 2742 angelos
300 2676 426 2725 nostrtrm
439 2667 576 2731 ducatum,
589 2674 741 2721 ceterarum
765 2665 890 2721 videlicet
904 2682 969 2736 qen·
1019 2663 1173 2718 obedientes
1194 2664 1296 2719 seilicet
1315 2667 1366 2721 sibi
1383 2668 1518 2723 rolurttme
1530 2673 1666 2726 essentiali
1677 2674 1710 2737 ¹¹,
1725 2675 1810 2730 libero

178 2763 259 2825 tium,
270 2775 305 2816 ex
323 2759 422 2829 quibus
436 2757 470 2811 ad
482 2757 583 2812 cultum
599 2757 679 2811 tinius
693 2757 750 2811 reri
771 2757 816 2812 liei
830 2771 967 2822 uocatum,
1018 2751 1114 2820 plenae
1128 2749 1151 2785 ¹¹
1168 2752 1315 2808 uoluntatis
1330 2755 1460 2820 arbitrio,
1473 2757 1545 2825 libell
1565 2760 1744 2815 essentialiter
1760 2763 1809 2817 hu·

176 2850 324 2919 inlperinm
342 2847 375 2913 ¹¹,
398 2847 478 2925 quasi
503 2855 645 2900 contentus
665 2846 686 2876 ¹¹
700 2845 733 2899 sit
758 2845 815 2899 solo
832 2845 914 2900 lsrael
942 2846 968 2899 in
1021 2842 1110 2897 manis
1134 2844 1269 2898 mentibus
1296 2845 1375 2910 inest,
1402 2862 1523 2916 quasque
1548 2852 1681 2917 uirtutes,
1705 2853 1731 2908 id
1757 2862 1810 2921 est,

177 2939 271 3008 qetstis
297 2924 479 3007 principatum
506 2935 649 3005 gentisque
674 2933 811 2997 dttcatum,
838 2942 867 2987 ut
899 2942 970 2988 essct
1021 2946 1195 3001 qnasennqne
1208 2933 1231 2964 ¹¹
1248 2934 1361 2988 uirtutes
1381 2937 1531 2991 animorum
1557 2938 1632 2993 libito
1655 2956 1684 2997 se
1697 2957 1811 3011 sequen·

179 3027 312 3097 princeps
336 3025 424 3096 gentis
446 3032 474 3078 et
496 3023 551 3077 dux
571 3025 669 3091 geritis,
698 3037 750 3077 non
774 3021 899 3092 alicujus,
919 3023 969 3077 nisi
1023 3024 1103 3087 tium,
1121 3023 1146 3076 iu
1162 3024 1249 3093 ipsum
1266 3024 1349 3079 Deum
1370 3034 1395 3079 nl
1410 3029 1548 3096 proprium
1563 3032 1738 3102 principium3
1755 3051 1812 3091 me·

180 3116 270 3172 solius
291 3113 429 3177 iudaicae,
452 3114 500 3168 sed
523 3113 602 3189 qnasi
630 3127 683 3167 ttna
705 3112 971 3182 providentissima!
1023 3112 1096 3177 rito,
1121 3112 1184 3181 quia
1201 3114 1332 3169 Dominus
1356 3118 1492 3186 proprium
1514 3128 1542 3173 et
1566 3120 1652 3175 solum
1671 3124 1812 3181 rationalis

178 3205 305 3261 omnium
325 3202 432 3258 excelsa
444 3188 679 3258 ornnes'ltomines
696 3201 861 3265 salutariter,
889 3217 970 3256 eausa
984 3215 1006 3276 c
1022 3212 1164 3258 cessaturae
1184 3206 1345 3274 prineipimn
1371 3216 1422 3261 est.
1459 3207 1532 3264 Ordo
1554 3210 1645 3280 itaque
1665 3213 1812 3269 dictionum

178 3293 307 3350 uidelicet
333 3293 455 3348 omnium
475 3291 578 3353 salutis,
606 3291 777 3346 distribueret
796 3292 971 3347 restitutoriis
1021 3301 1081 3349 est:
1096 3308 1190 3348 omnes
1202 3308 1251 3364 per
1271 3296 1390 3367 singulas
1407 3306 1499 3368 gentes
1522 3300 1686 3370 imperantes
1704 3305 1813 3376 angelos

180 3385 211 3443 in
238 3385 343 3441 cultum
370 3384 417 3438 [lei
444 3381 715 3445 manuductionibus,
740 3382 848 3436 atrriliis
871 3382 969 3450 plane,
1021 3392 1164 3454 sequentes
1182 3400 1357 3456 quascunque
1376 3389 1491 3444 uirtutes
1515 3391 1651 3448 uoluntate
1674 3395 1812 3450 essentiali

179 3479 354 3552 propriorum
368 3474 534 3546 angelorum,
547 3477 610 3529 dum
629 3473 702 3529 soltus
719 3473 775 3528 tere
785 3483 864 3529 extra
878 3489 972 3530 omnes
1022 3474 1049 3528 in
1066 3475 1153 3543 ipsum
1178 3485 1204 3529 ct
1225 3479 1364 3546 proprium
1386 3480 1547 3550 principium
1570 3483 1715 3540 extendere
1736 3487 1813 3541 docet

179 3570 306 3625 nationes
318 3568 347 3621 in
362 3565 421 3621 reri
433 3564 539 3619 Dotuini
553 3563 641 3618 lucem
653 3572 680 3617 ct
694 3564 873 3633 cognitionem
889 3563 975 3618 lsrael
1023 3565 1166 3636 theologia.
1197 3566 1224 3621 ln
1248 3569 1300 3622 bae
1323 3584 1375 3622 nna
1390 3573 1522 3626 sententia
1545 3574 1687 3629 sanissima
1700 3584 1728 3631 et
1738 3576 1814 3631 altis-

183 3671 333 3714 conrersus
356 3655 403 3709 sit.
425 3651 502 3707 liade
525 3651 653 3721 tbeolopia
676 3652 779 3723 qrtidem
794 3668 822 3706 se
842 3653 864 3685 ¹¹
887 3651 972 3722 ipsura
1022 3655 1089 3710 sima
1102 3657 1216 3710 traditur
1230 3657 1305 3711 nobis
1322 3659 1454 3713 doctrina.
1474 3661 1594 3717 Primum
1606 3665 1731 3732 quidem,
1750 3646 1823 3735 quia'

182 3748 329 3819 pouetlr'sse
343 3742 429 3800 lsrael
448 3743 476 3797 ira
494 3759 551 3797 cere
567 3741 614 3795 llei
633 3741 790 3811 {attentorum
809 3742 971 3812 sipnibocus,
1022 3745 1108 3798 sancti
1124 3744 1210 3814 attgeii
1225 3746 1309 3798 rttrstri
1327 3748 1463 3813 praesules
1482 3756 1558 3812 strat,
1575 3757 1602 3803 et
1621 3764 1673 3803 non
1684 3751 1763 3804 allam
1776 3757 1812 3806 ola

183 3839 307 3908 iae-tuest
320 3831 973 3907 portiollomini,ait.llatle¹¹,quamobrcm,qua
1022 3850 1130 3889 calisam
1153 3835 1288 3902 imperant
1312 3836 1408 3898 nobis,
1430 3836 1480 3889 nisi
1504 3844 1534 3888 ut
1556 3851 1605 3890 nos
1625 3847 1751 3892 rcroecnt
1765 3855 1813 3894 no-

182 3933 325 3994 deeausa,
339 3927 468 3999 quoniam
485 3924 559 3979 solus
572 3922 628 3979 iere
653 3909 777 3978 israeliti
793 3925 973 3993 coqrsitiouem
1023 3922 1087 3975 stris
1105 3922 1127 3952 ¹¹
1139 3923 1276 3975 errorilms
1299 3931 1328 3975 ιι
1350 3923 1510 3991 ignorantiis
1540 3924 1567 3977 in
1593 3925 1672 3981 nnius
1692 3928 1812 3983 onmium

182 4014 534 4084 conserscscst,tbcologia
546 4029 575 4067 se
587 4012 972 4081 ipsum,bortrinnmprnlecto,
1022 4009 1146 4078 principii
1167 4018 1193 4062 et
1215 4024 1315 4064 ersusao
1339 4011 1537 4080 cognitionem,
1563 4027 1633 4082 quae
1650 4014 1705 4070 sola
1722 4025 1813 4072 nostra

181 4110 337 4182 possedisse
362 4103 446 4160 lsrael
468 4103 495 4158 iu
519 4102 676 4157 latntrlatum
700 4116 778 4156 suum
806 4102 972 4172 signilieans,
1023 4097 1186 4153 salusestet
1199 4098 1222 4129 ¹¹
1237 4101 1399 4172 purgatioet
1412 4101 1573 4158 illuminatio
1593 4113 1620 4160 et
1633 4105 1762 4175 perfectio
1786 4114 1814 4161 et

183 4191 972 4268 iactaestportiollotuini,ait.Pntcstetiaminterpretariz
1023 4203 1127 4242 sutnma
1149 4190 1288 4246 beatitudo
1309 4198 1337 4246 et
1361 4192 1506 4247 deilicatio.
1534 4193 1570 4247 Et
1580 4195 1651 4262 quod
1668 4210 1749 4249 nemo
1762 4209 1812 4248 no·

183 4291 284 4349 Factus
306 4297 362 4353 est,
391 4295 421 4341 ut
441 4286 619 4351 subaudiatur
635 4284 728 4349 lsrael,
743 4285 831 4354 portio
853 4284 972 4340 Domini.
1023 4287 1108 4331 strum
1130 4277 1230 4332 invitus
1249 4281 1398 4343 reducitur,
1414 4297 1448 4335 ne
1467 4282 1598 4336 naturalis
1610 4283 1694 4350 gloria
1707 4284 1813 4338 dinnao

186 4382 334 4437 Ouestene
360 4357 589 4434 ιιιιιιιΤῑΓῖῐιιι
614 4376 710 4429 uiritim
739 4377 829 4431 ceteris
856 4375 975 4445 pentibus
1025 4367 1168 4437 imaginis,
1197 4382 1266 4436 qnae
1288 4370 1405 4422 manime
1427 4371 1453 4424 in
1475 4373 1599 4425 libertate
1619 4374 1814 4432 arlritriinobls

186 4471 350 4527 distribuisse
362 4467 469 4522 saidam
482 4474 632 4520 selectorum
657 4464 808 4534 ‹rupelorum
829 4466 856 4518 ia
880 4480 975 4533 eopno-
1024 4455 1084 4511 data
1096 4464 1149 4520 est,
1176 4456 1346 4510 decoloretur
1359 4458 1392 4522 ²¹,
1406 4460 1452 4513 sed
1468 4459 1676 4530 ttttiuscujusque
1690 4473 1812 4521 nostrum

185 4563 310 4618 nandum
322 4574 369 4630 per
385 4574 445 4612 enas
462 4572 542 4610 unum
552 4555 667 4609 omitirnn
680 4555 848 4624 principiam,
860 4554 973 4609 llirbaei
988 4557 1011 4616 [J
1025 4546 1147 4602 interiori
1160 4547 1253 4602 uirtuti
1270 4547 1366 4602 electio
1380 4551 1498 4604 (lateret
1515 4550 1625 4607 libertas
1639 4560 1667 4607 et
1679 4556 1815 4624 possibili·

184 4655 250 4707 dixit
273 4651 417 4707 ludoicum
439 4646 545 4700 ducisse
564 4644 698 4724 populum.
716 4644 752 4700 Ut
765 4644 787 4675 ¹¹
806 4646 972 4709 ostemleret,
1026 4646 1068 4693 tus
1082 4638 1210 4693 redelindi
1234 4639 1261 4692 iu
1285 4654 1366 4702 ettnl.
1390 4640 1422 4694 ad
1436 4641 1512 4710 ettjns
1526 4642 1669 4711 imaginem
1685 4646 1747 4700 tacti
1768 4662 1814 4702 su-

186 4741 278 4812 inquit
295 4738 330 4804 ¹⁸,
349 4738 433 4807 ipsum
454 4735 596 4790 Dentinum
611 4734 780 4788 distribuisse
790 4735 895 4788 cuidam
912 4750 974 4789 san·
1027 4730 1174 4794 inissetid
1189 4731 1247 4799 ipso
1260 4730 1401 4785 deilieandi
1417 4732 1441 4763 ¹¹
1453 4741 1480 4787 et
1493 4732 1676 4803 bestilicandi,
1695 4737 1754 4807 ipso
1767 4752 1814 4808 per

841 4859 967 4916 vutttau
985 4858 1185 4916 bacuntius.

223 5009 233 5041 ¹
266 5004 313 5061 Sic
336 5018 386 5074 pro
406 5019 523 5059 ssorum.
573 5003 638 5056 ¹se
656 5017 710 5057 ota.
732 5001 763 5055 B.
814 5001 880 5054 ⁸tt·
911 5002 1000 5057 otlscr.
1027 5012 1073 5058 eet.
1124 5002 1199 5060 ‘sie
1222 5003 1258 5067 C,
1280 5002 1325 5056 AB
1346 5002 1555 5075 superbiamque.
1616 5004 1680 5060 'AC
1703 5007 1812 5061 iactant.

191 5077 337 5134 ¹SicGet
347 5088 419 5128 corr.
431 5073 475 5137 δ’,
491 5073 536 5128 ΑΒ
551 5071 642 5127 soluti.
679 5073 721 5125 'tl
748 5073 955 5138 cornetanae·
982 5088 1053 5128 corr.
1080 5083 1209 5128 contento.
1246 5073 1377 5127 ¹nuere.
1429 5072 1505 5127 ¹Sic
1530 5072 1597 5128 Cet
1613 5089 1683 5128 corr.
1707 5074 1749 5137 B‘,
1768 5077 1815 5130 att

190 5149 316 5204 diuidere.
353 5144 376 5177 ¹¹
392 5142 424 5197 B·
447 5144 537 5198 adscr.
560 5152 585 5196 et
611 5141 763 5211 inlperinm.
820 5143 840 5173 ¹¹
861 5142 938 5196 Coss.
971 5143 1019 5207 tl·;
1049 5159 1098 5212 pro
1123 5145 1199 5213 quasi
1229 5152 1364 5196 contentus
1387 5142 1493 5211 Aquae
1515 5141 1724 5210 contemptus,ss
1748 5160 1813 5211 qens

191 5212 372 5272 comminue
394 5213 654 5283 qscsiconternptns.
711 5210 733 5246 ¹¹
745 5210 851 5282 quidem
877 5226 932 5266 om.
951 5212 983 5276 C,
1006 5229 1034 5267 se
1054 5227 1107 5267 ont.
1130 5213 1185 5265 ab.
1236 5212 1257 5243 ¹¹
1277 5211 1331 5266 Pro
1351 5212 1456 5264 ended
1480 5212 1545 5263 eride.
1584 5208 1683 5263 ¹¹Cet
1722 5211 1744 5242 ¹¹
1760 5212 1815 5268 Pro

190 5286 318 5358 instro
347 5285 386 5337 in.
439 5282 461 5314 ¹¹
479 5280 512 5333 tt·
539 5295 626 5349 ntarg,
655 5281 767 5335 ausen:
789 5283 808 5334 i.
833 5297 856 5334 e.
881 5281 1033 5351 sinpiilatim
1055 5282 1092 5335 nel
1120 5291 1148 5334 ut
1179 5281 1325 5349 expressius
1353 5282 1458 5332 dicotur
1488 5295 1567 5332 anam
1591 5279 1638 5332 uni
1673 5278 1711 5332 cel
1732 5296 1814 5336 unum

189 5389 240 5443 qua
330 5357 470 5463 armumque
490 5371 528 5426 oei
542 5370 645 5452 sirrpnlu
661 5369 781 5470 sinpul'ip.
802 5438 808 5450 ι
834 5371 854 5402 ¹¹
871 5369 901 5422 tl·
919 5386 1000 5440 snpra
1015 5371 1111 5459 adsce·
1120 5377 1146 5421 et
1160 5369 1249 5487 opius.
1306 5369 1327 5399 ¹¹
1345 5367 1436 5468 Sient),
1455 5367 1499 5421 All
1518 5366 1717 5488 minntpquB¹¹
1736 5366 1815 5423 SicG

190 5454 305 5567 giltam
314 5459 393 5568 coege
409 5440 755 5583 prampipmmneprbm
771 5438 825 5571 BSpp
839 5436 1345 5575 filf‘supiircglolizntlitntfu”ggigcieltwd
1360 5506 1395 5558 nul
1409 5438 1563 5574 ''poqpppph'
1575 5502 1596 5555 B
1609 5503 1644 5589 qd
1655 5452 1816 5575 tbezioqitiir:

192 5601 430 5674 (puncl.atli.li’).
467 5598 599 5656 ''Aunu
635 5597 929 5686 ¹¹Bsuperessentioli.
968 5595 1159 5663 ¹⁷C,cteorr.
1176 5595 1205 5649 B·
1220 5596 1307 5667 palatae.
1345 5579 1411 5649 ’ἤι’
1428 5609 1512 5664 marg.
1530 5576 1810 5666 adscr'ratatapataa'.

152 5756 156 5761 ,
195 5692 612 5832 ἔΒΒᾶίιὶιιχὲειηῧιΙιιῐωιιοιιιίι.
652 5675 1077 5757 ¹¹C'o'r'r.B'‚dlint;etom.C
1113 5687 1134 5720 ¹¹
1149 5687 1194 5743 Sic
1211 5688 1265 5751 dt),
1283 5686 1484 5741 Bderoleretnr.
1523 5683 1815 5758 estredensis,
