3984 6534
172 365 223 421 sel
863 354 1003 413 tuatnuts
1021 356 1119 412 scoti
1744 358 1794 415 ete

175 487 229 540 ure,
241 489 301 529 cum
314 471 402 525 dirim
415 467 564 523 substantia
577 466 673 519 tarlilurs
685 465 865 534 corporalrum
878 481 961 519 mem·
978 473 998 529 Α
1013 466 1169 520 Maledictus
1191 469 1274 523 omnis
1297 470 1341 539 qui
1364 472 1480 541 pependit
1503 473 1529 526 in
1551 469 1659 540 tipeod.
1684 467 1741 524 lloc
1764 470 1794 524 de

175 566 286 621 brorum
308 559 462 615 omnimodo
483 564 574 611 careat
586 554 766 610 lineamentis.
781 554 961 610 Siruilitudiue
1011 557 1118 612 Claristo
1133 559 1224 628 procul
1237 559 1319 614 dubio
1332 561 1431 616 dictum
1445 571 1495 624 cst,
1511 561 1555 631 qui
1568 569 1606 613 est
1618 576 1698 629 super
1710 560 1792 613 noenia

177 664 265 709 tameo
277 650 391 721 qrradam
405 650 478 702 deca
490 659 542 699 non
557 645 702 713 incongrue
717 643 914 713 praedicantur.
932 645 961 699 ln
1015 647 1162 702 tendisne
1176 649 1202 703 in
1216 649 1304 703 secula
1333 662 1356 703 ⁰.
1379 648 1433 705 Nos
1447 650 1530 711 eninr,
1552 650 1598 720 qui
1612 648 1639 701 iu
1656 649 1738 718 primi
1751 647 1792 702 lto

175 742 293 799 braelriis
308 738 410 819 quippe
437 737 509 791 vires
530 748 684 803 corporum,
704 733 729 787 ῑιι
753 733 876 788 manibus
899 749 962 803 ope·
1012 738 1092 793 rrairris
1103 748 1214 807 peccato
1226 741 1321 794 mortis
1333 749 1359 795 ct
1373 738 1672 795 servitutismernimus
1687 738 1789 792 maledi-

175 835 318 895 rationem,
345 831 372 884 in
399 826 484 881 oculis
512 825 614 889 risum,
642 825 762 878 auditum
794 825 821 878 iu
853 826 962 879 auribus
1011 827 1137 892 ctionem,
1156 828 1182 882 iu
1203 828 1558 898 secundihomiuisjustitia
1580 829 1696 883 ritaect
1716 828 1789 883 liber-

176 934 302 993 touquam
314 918 460 974 insedibus
474 915 530 970 suis
541 923 638 969 natura
652 913 861 993 locariulgrflue
872 914 961 967 diviua
1012 917 1076 971 tatis
1089 918 1241 987 accepimus
1253 919 1475 974 benedictionem.
1490 917 1557 971 Nam
1577 917 1650 986 quod
1671 917 1789 986 pendenti

175 1015 261 1069 rietus
281 1020 309 1066 et
329 1008 462 1078 operatio,
478 1005 549 1061 visio
571 1018 679 1074 utroque
715 1003 773 1073 ejus
798 1013 826 1058 et
853 1004 963 1074 largitas
1011 1003 1120 1059 Christo
1135 1007 1162 1060 in
1180 1022 1261 1062 cruce
1277 1005 1369 1061 ludaei
1385 1006 1591 1070 maledixerunt,
1609 1005 1672 1074 plus
1686 1006 1788 1060 benedi·

176 1100 315 1174 aptissime
343 1098 447 1154 sedium
473 1093 578 1149 illarum
614 1094 769 1149 nominibus
797 1094 960 1149 vocitantur.
1012 1096 1109 1150 ctionis
1124 1096 1261 1161 insinuat,
1284 1112 1363 1167 natam
1387 1095 1593 1151 maledictionis.
1619 1094 1790 1167 llaeetigitur

177 1193 286 1247 Tertiae
300 1187 373 1245 sedis
395 1184 518 1253 exemplo
532 1183 608 1249 irunt,
622 1198 691 1252 quae
704 1183 738 1237 ab
753 1183 902 1237 animorum
916 1200 963 1238 no-
1012 1184 1098 1240 lorma
1118 1184 1261 1241 locutionis
1279 1186 1400 1241 absolute
1420 1184 1624 1241 contrarietatis
1647 1182 1707 1240 loco
1720 1184 1789 1241 dedu·

175 1289 292 1337 strorum
321 1272 567 1348 perturbationibus
594 1280 738 1326 sumuntur
757 1273 790 1326 ad
810 1273 962 1342 siguilieau-
1012 1286 1053 1329 cta
1074 1285 1125 1340 est,
1146 1291 1199 1344 qrro
1216 1276 1297 1330 etiam
1311 1274 1454 1344 Apostolus
1476 1274 1611 1344 sumpsit,
1636 1274 1706 1343 quod
1727 1275 1787 1328 ait:

125 1429 131 1445 ,
175 1362 497 1425 darnincommutabilem
526 1361 745 1423 ¹substautiam,
767 1371 797 1416 ut
823 1374 886 1417 sarnt
912 1364 960 1425 ira,
1012 1365 1516 1436 earm,qaraorrnoeerwpecearun,
1534 1380 1583 1433 pro
1607 1364 1679 1419 nolit
1702 1381 1788 1434 pecen-

176 1453 427 1527 luror,indigaatio,
440 1451 660 1517 timor,tristitia,
672 1461 826 1520 ceteraque,
848 1467 917 1520 natae
931 1453 963 1504 de
1013 1464 1066 1507 tum
1082 1454 1142 1523 feeit
1160 1453 1182 1506 l.
1200 1453 1264 1520 Quis
1277 1453 1348 1508 enim
1363 1454 1477 1519 dubitat,
1491 1453 1608 1508 bostiam
1619 1461 1647 1508 ει
1659 1464 1786 1523 mutum

177 1548 346 1606 differentiae
360 1546 419 1601 loco
433 1544 585 1609 trabuntur,
602 1558 716 1613 quorum
730 1544 801 1598 nulla
817 1545 963 1599 similitudo
1013 1539 1084 1594 iuter
1096 1556 1126 1595 εε
1136 1554 1195 1596 εεεε
1208 1542 1354 1605 contraria,
1370 1556 1432 1596 cum
1443 1541 1532 1596 hostia
1544 1541 1614 1596 nibil
1625 1550 1732 1613 agatur,
1742 1542 1788 1596 nisi

176 1657 239 1698 eum
254 1639 344 1695 diviua
356 1645 451 1691 natura
462 1635 606 1700 invenitur,
620 1636 666 1689 sed
679 1633 734 1689 sola
750 1636 911 1691 necessitate
927 1636 963 1690 si·
1013 1639 1041 1685 ut
1051 1641 1191 1699 peccatum
1206 1631 1336 1686 deleatur.
1355 1631 1479 1686 Christus
1498 1632 1587 1687 hostia
1602 1632 1737 1704 generalis
1754 1643 1790 1687 est

177 1722 963 1803 gnificationisremotissimoabusionismodosolenttraus-
1012 1737 1060 1790 pro
1072 1732 1182 1790 peceato
1205 1722 1288 1776 totius
1308 1721 1410 1777 arnadi.
1426 1720 1612 1800 llectngjtur
1631 1723 1787 1778 econtrario

177 1821 254 1876 lerri.
977 1802 999 1861 B
1014 1828 1061 1881 per
1075 1822 1215 1882 peccatam
1230 1812 1406 1882 significatur.

213 1909 255 1965 lll.
272 1909 435 1972 liestauten,
448 1922 517 1978 quae
528 1906 727 1962 contrarietatis
738 1906 959 1961 locosumnntur.
1050 1905 1079 1960 V.
1101 1904 1202 1958 Deinde
1213 1903 1349 1972 conjuncti
1359 1905 1486 1959 contrarii
1501 1905 1791 1962 consideremuserem-

176 1999 279 2067 Quibus
292 2006 365 2053 tanta
375 1997 417 2053 vis
429 1997 497 2053 inest
512 1996 694 2066 significandi,
709 2004 737 2048 ut
750 1996 865 2064 qrrodam
882 1996 962 2065 pairi-

176 2087 247 2159 legio
260 2085 436 2142 excellentiae
460 2100 525 2140 suae
544 2085 641 2139 merito
657 2099 673 2138 a
691 2082 802 2139 Graecis
822 2085 962 2156 cutlrymc·

175 2185 248 2231 rnata
283 2176 294 2207 ¹
318 2176 460 2241 dieantur,
475 2175 536 2255 boc
555 2182 619 2251 est,
645 2173 834 2241 conceptiones
854 2173 960 2228 mentis.

176 2267 305 2335 Quamuis
327 2267 400 2322 enirn
422 2281 522 2328 omae,
539 2263 611 2333 qrrod
634 2278 700 2317 voce
722 2262 869 2332 proicrtur,
888 2265 963 2332 prius

174 2364 267 2411 mente
281 2355 469 2424 concipiatur,
490 2369 542 2408 non
570 2361 658 2405 tamen
680 2364 772 2416 omne,
785 2352 857 2421 ortod
873 2361 962 2405 metue

175 2445 337 2514 concipitur,
352 2441 466 2496 candem
491 2441 545 2495 vim
572 2439 786 2509 significationis,
800 2441 863 2494 dum
881 2441 963 2495 sensi·

176 2532 228 2587 bus
242 2529 349 2585 feruore
361 2528 372 2559 ¹
384 2526 544 2590 infunditur,
556 2526 658 2581 babere
683 2526 797 2580 ridetur.
815 2526 891 2581 Sicut
900 2542 963 2597 ergo

177 2628 397 2692 argumentorum
411 2615 531 2672 omnium
549 2614 726 2670 fortissimum
741 2623 782 2670 est
803 2596 964 2685 illur'ffiuod

177 2711 293 2767 sumitur
303 2723 319 2764 a
329 2707 476 2773 contrario,
489 2706 525 2760 ita
539 2704 659 2762 omnium
676 2704 815 2773 signorum
829 2705 963 2760 vocalium

177 2800 346 2871 aptissimum
356 2808 408 2862 est,
421 2796 493 2868 quod
503 2796 610 2852 ducitur
621 2794 655 2850 ab
670 2796 763 2850 codem
783 2797 963 2850 contrarieta-

177 2892 211 2946 tis
226 2887 428 2957 oenomaum
447 2887 578 2957 quaedam
596 2885 719 2941 absolute
733 2885 868 2951 dicuntur,
882 2902 963 2956 qrrae·

177 2981 238 3036 dam
252 2978 403 3051 corrjuncte.
416 2976 606 3031 Absolutorum
621 2974 707 3030 lorrrta
718 2983 759 3029 est
772 2993 778 3029 ι
794 2975 909 3030 Perdam
920 2992 963 3029 aa·

174 3071 301 3140 pientiam
317 3070 475 3138 sapientum,
488 3076 511 3121 et
522 3065 687 3137 prudentium
698 3066 854 3135 prudentum
875 3074 963 3137 reptet

1012 1994 1066 2064 pla.
1093 1993 1167 2075 Quae
1191 1993 1300 2063 qrridem
1326 1995 1468 2064 conjuncta
1491 2003 1637 2064 propterea
1666 1996 1790 2059 dicuntur,

1013 2085 1083 2154 quod
1097 2084 1201 2138 duobus
1216 2083 1282 2138 locis
1297 2085 1470 2149 conr-entant,
1481 2084 1654 2142 similitudini
1668 2086 1791 2149 uidelicet,

1012 2182 1093 2241 atque
1116 2172 1312 2227 contrarietati.
1353 2174 1433 2228 artim
1458 2173 1556 2243 quippe
1580 2175 1678 2230 eadem
1695 2177 1791 2232 nomina

1013 2279 1058 2317 scu
1072 2262 1152 2317 rerba
1168 2262 1353 2328 similitudine,
1368 2263 1466 2342 Qu
1482 2273 1629 2319 sumuntur
1653 2267 1792 2321 contrarie

1014 2362 1078 2418 tate,
1094 2368 1208 2422 utrorum
1224 2363 1363 2425 pragmata
1374 2362 1436 2409 sunt
1447 2355 1628 2425 praescientia
1648 2367 1678 2411 et
1693 2357 1792 2428 praede·

1013 2444 1133 2508 stinatio,
1152 2444 1260 2514 qrrando
1273 2445 1306 2499 de
1330 2444 1385 2500 lleo
1405 2447 1605 2515 praedicantur.
1630 2449 1667 2504 Et
1687 2450 1791 2521 primum

1013 2533 1119 2588 cuidem
1134 2533 1371 2596 considerandum,
1387 2534 1453 2590 baec
1468 2544 1495 2590 et
1507 2535 1662 2604 bujrrsmodi
1688 2553 1734 2593 seu
1749 2554 1790 2591 no·

1013 2551 1102 2687 arbua,
1129 2637 1176 2677 seu
1195 2621 1277 2676 uerba
1300 2621 1333 2676 dc
1356 2621 1412 2676 Deo
1437 2624 1545 2693 proprie
1569 2625 1722 2693 praedicari
1745 2641 1789 2680 non

1013 2725 1101 2779 posse.
1125 2708 1184 2790 Qua
1202 2710 1274 2764 enim
1295 2709 1402 2795 patiente
1424 2710 1561 2765 diceretur
1578 2711 1650 2767 ileos
1666 2713 1790 2783 praescire

1013 2802 1113 2871 aliquid
1128 2800 1320 2871 praescientia,
1337 2786 1379 2855 n‘el
1396 2803 1601 2871 praedestinare
1620 2804 1790 2874 praedestina·

1014 2893 1095 2957 tione,
1111 2891 1154 2944 cui
1177 2889 1244 2945 nibil
1262 2889 1392 2956 loturum,
1412 2890 1475 2960 qrrin
1497 2892 1564 2946 nibil
1578 2899 1709 2963 expectat,
1729 2891 1789 2946 nilril

1012 2978 1200 3050 praeteritum,
1215 2978 1277 3047 quia
1295 2976 1361 3031 nibil
1374 2979 1399 3032 ei
1418 2987 1546 3034 transeat.
1563 2981 1594 3035 ln
1607 2981 1790 3038 eoenimsieut

1014 3067 1086 3123 nrdla
1096 3065 1217 3120 locorum
1231 3066 1316 3134 spatia
1331 3074 1404 3131 sunt,
1419 3066 1455 3120 ita
1472 3066 1544 3121 nulla
1557 3075 1709 3138 temporum
1719 3068 1789 3121 inter·

178 3159 243 3213 lanio
257 3171 281 3212 ⁸.
295 3158 372 3225 Quod
393 3166 466 3213 recte
491 3157 648 3226 intelligitur
670 3172 686 3211 a
709 3158 845 3211 contrario
856 3197 864 3221 ,
874 3173 916 3251 3}
940 3134 999 3212 siC
1016 3157 1093 3211 ralla.
1111 3158 1150 3211 Ac
1162 3157 1271 3229 per—‘boe
1282 3155 1352 3209 rrnlla
1365 3164 1437 3210 recta
1451 3157 1521 3211 ratio
1535 3159 1679 3226 permittit,
1695 3157 1752 3212 talia
1763 3158 1789 3209 de

177 3257 270 3304 aerte
291 3248 392 3302 diceret
414 3265 420 3300 :
443 3246 557 3302 Perdam
573 3245 755 3314 insipientiam
781 3236 962 3314 insipientum,
1017 3247 1071 3300 beo
1095 3224 1181 3312 jor‘e‘
1186 3244 1358 3316 proprietatis
1389 3246 1513 3317 intelligi.
1539 3246 1682 3315 Quomodo
1699 3248 1789 3334 puppo

177 3264 388 3408 ἷξιῖιυἿᾶιῑὶἷιῖιι
403 3336 600 3406 imprudentum
611 3336 770 3406 reprobabo.
785 3335 860 3403 Quod
873 3346 965 3405 aperte
1015 3336 1191 3407 praescientia
1205 3337 1263 3406 ejus
1273 3335 1381 3401 dicitur,
1396 3337 1440 3391 cni
1452 3336 1523 3390 nulla
1532 3337 1622 3392 lrrtura
1635 3338 1717 3393 sumi
1727 3338 1789 3391 Sicut

178 3428 337 3498 intelligitur
357 3442 389 3482 ex
416 3425 505 3481 verbis
526 3425 645 3496 Apostoli
670 3426 784 3480 dicentis
804 3441 811 3479 ε
829 3426 965 3496 Sapientia
1016 3427 1086 3481 enim
1103 3425 1175 3481 nulla
1195 3425 1253 3494 ejus
1273 3423 1402 3478 memoria
1423 3424 1531 3495 proprie
1545 3423 1657 3491 dicitur,
1679 3426 1720 3481 cni
1734 3421 1788 3477 nili

179 3519 259 3589 derint
274 3514 364 3570 tnundi
374 3514 485 3570 stultitia
497 3525 533 3569 eet
548 3515 618 3586 apud
632 3514 714 3569 Deum
728 3515 752 3568 b.
769 3514 797 3569 Si
819 3515 892 3569 enirn
907 3532 965 3569 om·
1016 3523 1057 3569 est
1071 3514 1256 3585 praeteritum,
1271 3514 1307 3567 ita
1320 3512 1392 3567 nulla
1411 3515 1603 3582 praescientia,
1620 3516 1685 3585 quia
1699 3512 1786 3569 uolunt

181 3608 223 3661 nis
239 3605 395 3676 sapientiae
410 3603 523 3658 Domino
537 3604 592 3659 lieo
613 3613 665 3668 est,
681 3618 733 3672 qua
752 3604 854 3658 ratione
869 3604 967 3658 iutelli-
1017 3604 1145 3658 laturum.
1165 3603 1199 3657 bt
1212 3613 1300 3657 tamen
1315 3603 1432 3657 dicitur:
1450 3603 1483 3656 ln
1495 3605 1623 3657 niceteria
1635 3614 1738 3658 aeterne
1748 3599 1788 3655 erit

180 3707 259 3772 getur
277 3697 348 3752 oeus
363 3696 511 3759 destruere,
525 3692 598 3763 quod
609 3692 643 3748 ab
659 3707 691 3749 co
708 3694 769 3748 est?
785 3693 861 3760 Quod
875 3703 965 3747 antem
1012 3696 1101 3764 jocatus
1116 3696 1138 3748 ⁸.
1153 3693 1253 3749 Eodem
1268 3709 1384 3765 namque
1397 3695 1476 3748 morlo
1486 3695 1557 3749 Deus
1571 3694 1648 3761 vidit,
1660 3693 1787 3765 praeridit,

179 3790 213 3844 de
227 3785 358 3856 sapientia
373 3783 503 3848 creditur,
521 3783 553 3838 de
567 3782 706 3853 prudentia
717 3782 842 3837 similiter
855 3784 967 3837 ereden—
1017 3784 1105 3848 seivit,
1124 3762 1368 3852 praescirisoffilia
1380 3781 1511 3850 iacienda,
1526 3784 1686 3855 prinsquam
1698 3783 1788 3841 meent·

180 3880 254 3934 dum.
271 3877 378 3932 Nullam
415 3876 631 3947 uippcrirtutem
648 3876 675 3929 iu
695 3874 802 3929 bomine
818 3874 966 3947 beusper·
1017 3893 1070 3949 epm
1086 3878 1157 3931 ridet
1174 3886 1198 3932 et
1214 3877 1266 3931 scit
1286 3877 1389 3940 cadem,
1409 3875 1638 3945 postquamiacta
1649 3885 1787 3945 sonoque-

179 3970 229 4035 dit,
252 3969 329 4038 crrjus
341 3892 624 4023 torrms‘emsotmtrae
644 3966 797 4038 exemplum
812 3980 865 4023 non
887 3964 967 4024 tacite
1017 3969 1100 4034 rriarn,
1115 3968 1184 4022 sicut
1197 3967 1253 4037 ipse
1265 3980 1372 4036 semper
1384 3974 1509 4021 aeternus
1520 3975 1571 4030 εει,
1580 3966 1618 4020 lta
1632 3965 1786 4023 urriverellst.

180 4061 214 4115 de
230 4058 285 4115 beo
299 4057 412 4113 inveniri
427 4064 523 4127 potest.
1016 4072 1097 4127 qrram
1110 4055 1184 4121 iecit,
1199 4070 1306 4125 semper
1321 4055 1348 4108 in
1364 4055 1423 4123 ipso
1437 4064 1547 4109 aeterna
1564 4062 1617 4110 est.

215 4147 259 4204 ll.
279 4147 335 4204 Nec
353 4148 464 4211 mirum,
490 4160 550 4201 cum
572 4146 638 4200 nilril
660 4145 716 4201 lieo
739 4146 904 4201 contrarium
920 4147 965 4211 sit,
1053 4146 1096 4202 l'l.
1115 4145 1153 4200 Dc
1166 4143 1409 4215 praedestinatione
1424 4157 1530 4214 quoque
1543 4142 1604 4211 ejus
1623 4144 1717 4199 eadem
1737 4154 1785 4197 seo·

180 4236 233 4292 nisi
244 4250 297 4292 noo
308 4250 379 4302 esse,
411 4235 520 4290 uoniam
531 4235 587 4305 ipse
598 4235 670 4290 solus
681 4244 734 4301 est,
747 4235 792 4304 qui
807 4234 893 4290 dixit:
910 4235 966 4305 b'po
1019 4237 1107 4292 tieuda
1127 4242 1199 4300 sunt,
1224 4233 1381 4303 praesertim
1403 4248 1464 4288 cum
1485 4234 1573 4288 oannis
1597 4230 1785 4304 praedestinatio

180 4345 237 4384 error
247 4329 293 4400 qni
307 4344 365 4382 enm
381 4338 405 4393 τ,
418 4336 506 4383 cetera
521 4340 595 4392 nero,
612 4340 682 4396 quae
696 4326 822 4381 dicuntur
832 4339 901 4391 esse,
917 4340 967 4381 nec
1018 4324 1195 4394 praescientia
1208 4309 1252 4377 s'it.
1268 4322 1326 4388 Quo
1337 4321 1399 4389 jnre
1412 4330 1500 4392 potest
1512 4322 1565 4376 dici
1584 4319 1783 4393 praedestinatio

179 4419 289 4475 omnino
300 4428 375 4483 sunt,
388 4417 451 4487 quia
466 4431 519 4472 nou
533 4424 606 4482 sunt,
623 4416 694 4484 quod
706 4415 762 4484 ipse
775 4422 826 4480 est,
843 4429 892 4470 uec
906 4429 966 4469 om·
1019 4417 1045 4472 id
1042 4424 1106 4493 est,
1120 4414 1290 4485 praeparatio
1313 4415 1340 4468 in
1356 4429 1399 4480 eo,
1420 4415 1465 4485 qni
1480 4414 1553 4470 nullo
1567 4416 1698 4488 temporis
1717 4414 1782 4468 inter·

180 4509 245 4564 uino
259 4522 312 4563 non
325 4515 398 4570 sunt,
412 4507 474 4578 quia
489 4506 595 4576 abipso
609 4514 681 4571 sunt,
699 4506 746 4575 qui
760 4504 832 4561 solus
846 4512 964 4560 estesse.
979 4484 1005 4547 Ῑ)
1019 4486 1086 4561 v‘allo
1102 4505 1251 4575 praecessit
1272 4505 1294 4570 ⁸,
1309 4519 1363 4574 quo
1374 4505 1529 4575 disponeret
1543 4521 1588 4572 ea,
1603 4522 1673 4577 qrrae
1683 4506 1782 4561 lactum

182 4596 320 4693 NQ⁰fl⁰
330 4598 460 4662 dicamus,
473 4612 516 4663 ea,
531 4611 602 4666 quae
615 4596 649 4651 de
664 4596 777 4651 Domino
796 4604 890 4651 nostro
901 4595 966 4651 lesu
1018 4595 1109 4651 essetl
1122 4594 1199 4664 cujus
1209 4594 1392 4664 operationem
1403 4610 1457 4650 nou
1472 4597 1612 4665 praecedit
1624 4594 1780 4668 praeparatio.

178 4685 294 4740 (liaristo'
304 4684 378 4740 'dicta
392 4692 455 4740 sunt
467 4688 613 4741 secundum
628 4685 804 4741 burnanitatis
820 4700 886 4741 strae
904 4674 968 4756 pro·'
1017 4688 1075 4743 Non
1086 4687 1157 4742 euim
1168 4685 1241 4741 aliud
1258 4687 1283 4740 ei
1297 4695 1339 4741 est
1360 4702 1522 4758 praeparare
1537 4698 1565 4746 et
1584 4690 1707 4760 operari;
1719 4695 1781 4753 ratem

181 4775 344 4845 prietatem,
365 4775 399 4829 de
427 4774 565 4831 divinitate
589 4777 713 4832 similiter
733 4777 792 4848 ejus
814 4778 866 4834 dici
887 4792 967 4850 posse
1017 4777 1154 4848 proprium
1169 4776 1284 4832 bominis
1296 4785 1338 4832 cst
1348 4792 1521 4848 praeparare,
1537 4793 1609 4848 quae
1619 4779 1743 4843 iacturas,
1755 4774 1780 4825 ita

182 4869 294 4932 propter
305 4863 382 4916 unius
392 4877 523 4931 personae
536 4864 561 4919 in
573 4856 676 4921 dua'bus
688 4866 845 4923 substantiis
857 4868 965 4939 insepa·
1019 4868 1073 4922 lieo
1087 4867 1204 4921 alienum
1220 4875 1272 4931 est,
1285 4867 1499 4935 praedestinare,
1517 4883 1588 4936 qrrae
1612 4884 1744 4940 rrrrnquara
1754 4860 1785 4915 12·

152 5030 156 5035 Ι
183 4949 296 5005 rabilem
312 4949 452 5004 unitatem.
468 4951 496 5004 Si
517 4961 608 5006 autem
632 4952 695 5006 illud
710 4970 762 5007 raon
780 4953 894 5012 absurde
907 4973 966 5013 cre·
1019 4964 1121 5012 cturus.
1138 4956 1276 5023 Queruorlo
1289 4964 1378 5011 autem
1398 4956 1519 5012 facturus
1541 4969 1616 5015 esset
1631 4960 1740 5031 aliquid,
1753 4944 1791 5018 qai

183 5041 256 5096 rlitur
275 5039 345 5107 lieri,
364 5039 508 5104 rideamus,
532 5045 603 5111 qrrod
619 5042 751 5111 scripturn
773 5053 816 5098 est
834 5045 861 5099 in
887 5046 963 5117 lege:
1018 5048 1107 5106 omnia
1123 5046 1228 5102 ‘scrrrel
1243 5056 1271 5102 et
1282 5046 1362 5103 simul
1376 5047 1456 5103 lecit?
1469 5049 1522 5104 dut
1532 5052 1669 5120 quornodo
1682 5066 1731 5107 non
1743 5049 1801 5102 ⁰1⁸¹·

820 5152 945 5209 vanno
962 5155 1161 5213 Lectiones.

219 5241 313 5295 ¹Cod.
331 5243 575 5297 incommotoiilcnr.
611 5242 697 5298 ¹C0d.
712 5247 887 5298 entiorentntn.
925 5245 997 5301 'Sic
1012 5247 1045 5300 ll.
1062 5249 1121 5303 eod.
1139 5249 1253 5318 [eruore.
1292 5249 1427 5308 ‘Codno
1444 5268 1475 5307 ue
1492 5269 1533 5308 ra.
1583 5231 1825 5318 mouerentl·

183 5311 250 5366 ‘Sic
264 5313 337 5377 cod,
360 5327 409 5382 pro
428 5314 472 5382 qni
487 5316 584 5380 carraria,
604 5313 638 5368 bl.
651 5314 783 5384 quereiam.

938 5405 1062 5462 nonin.

1060 5509 1072 5537 ⁰
1091 5499 1149 5553 Gal.
1165 5501 1205 5560 lll,
1217 5502 1261 5556 l5.

1058 5568 1067 5604 s
1089 5569 1108 5622 ll
1121 5572 1182 5625 Cur.
1201 5571 1231 5633 ll,
1246 5573 1288 5624 ld.

1057 5640 1069 5676 ⁸
1087 5638 1182 5694 l'salm.
1199 5639 1264 5705 etit,
1281 5641 1307 5694 'l.

218 5508 232 5535 ι
250 5494 259 5548 l
274 5494 336 5549 Cor.
353 5494 372 5553 l.
387 5495 429 5551 19.

221 5565 234 5602 ¹¹
253 5564 337 5619 llior.
354 5564 448 5627 lll,l9.

221 5644 231 5670 ι
255 5634 337 5688 llxrrrl.
358 5634 398 5696 tlt,
413 5636 455 5690 tl.

207 5700 232 5751 ,l
254 5703 360 5759 beuter.
376 5706 445 5772 tlt,
460 5707 504 5760 25.
