3984 6534
189 395 242 453 827

873 398 1016 457 toseriis
1036 397 1134 458 seori
1407 430 1411 437 -
1768 402 1811 457 siai

188 509 247 563 rius
265 508 299 562 ab
311 520 342 560 ea
357 523 410 579 ,per
429 509 630 580 generationem
644 509 702 566 loeo
719 519 748 566 et
766 520 886 583 tempore
901 528 983 585 geue·
994 518 1021 579 Α
1033 522 1118 578 creat,
1129 530 1197 584 quas
1209 516 1308 572 iterum
1318 515 1348 572 in
1359 530 1441 572 uuam
1452 515 1567 573 lormam
1580 515 1709 571 theoriae
1720 517 1812 572 ridetur

188 608 264 662 ribus
284 617 309 661 et
337 608 433 666 lormis
461 611 597 680 procedet,
626 611 753 681 quoniam
778 613 805 667 iu
832 628 864 669 ea
889 616 981 669 omnia

189 708 384 775 quieracrunt,
398 716 426 763 et
437 724 518 763 uuum
540 709 705 764 individuum
719 719 799 779 atque
814 712 980 768 immutabile

187 810 347 873 prorrebunt.
368 808 522 879 Numquae
544 809 570 861 iu
592 810 808 878 processionibus
823 820 978 867 naturarum

192 913 374 981 multipliciter
393 912 480 966 divisa
504 920 586 980 atque
608 913 706 980 partita
723 926 784 967 esse
803 912 938 979 ridentur,
950 914 978 969 iu

190 1005 409 1076 primordialibus
432 1005 522 1061 causis
542 1005 614 1059 urrita
640 1012 720 1073 atque
740 1020 821 1058 unum
844 1014 917 1060 sunt.
937 1005 978 1059 ad

189 1119 270 1175 quarn
287 1106 418 1160 unitatem
438 1119 590 1168 reversura,
610 1104 637 1157 in
650 1118 683 1158 ea
703 1104 875 1159 aeternaliter
898 1115 978 1174 atque

189 1203 394 1258 immutabiliter
407 1202 562 1258 manebunt.
580 1200 632 1256 Sed
647 1203 680 1256 de
695 1203 746 1257 lrae
760 1212 856 1272 quarta
871 1204 979 1258 unirer-

187 1302 276 1357 sitatis
290 1301 517 1366 carosideratione,
532 1315 601 1370 quae
621 1301 647 1354 iu
666 1301 723 1357 solo
736 1303 790 1358 [ico
805 1301 976 1372 intelligitur,

189 1401 415 1472 quemadmodum
430 1409 457 1456 et
474 1401 572 1471 prima,
586 1416 635 1456 suo
656 1401 714 1456 loco
736 1401 815 1455 latius
830 1402 977 1472 disputabi-

190 1516 243 1569 tur,
260 1513 390 1574 quautam
409 1506 455 1560 lux
475 1506 606 1560 mentium
624 1506 772 1561 dormierit.
794 1504 870 1572 Quod
886 1515 975 1560 autem

187 1598 220 1649 dc
240 1596 325 1666 prima
341 1604 368 1650 ct
387 1596 420 1651 dc
435 1606 531 1667 quarta
543 1597 650 1661 dieitur,
669 1598 720 1652 lroc
733 1607 852 1662 est,·nec
866 1596 910 1651 illa
926 1612 976 1652 uec

187 1687 238 1739 ista
263 1694 380 1751 creatur,
404 1701 466 1741 curu
492 1687 543 1741 et¹
569 1687 613 1742 illa
636 1697 665 1741 et
688 1688 738 1741 ista
771 1703 852 1741 ιιιιιιιιι
880 1687 975 1751 siut’,

1032 607 1163 677 redigere,
1183 607 1298 663 demde
1318 606 1433 679 simplici
1452 607 1558 663 divinae
1580 617 1699 662 naturae
1723 610 1812 665 unitate

1031 697 1124 767 incipit
1143 708 1271 754 tractare.
1296 698 1460 768 Principium
1482 698 1555 754 euim
1581 707 1610 753 et
1634 697 1701 753 buis
1719 700 1810 758 dirime

1030 798 1142 843 natume
1164 790 1272 859 propria
1292 789 1400 844 uomina
1426 803 1479 858 ιιοιι
1499 797 1573 852 sunt,
1588 789 1638 843 sed
1659 788 1810 849 habitudinis

1029 878 1135 946 eiusad
1154 895 1197 946 ea,
1220 895 1289 950 quae
1306 881 1414 935 condita
1434 888 1505 934 suut
1527 878 1570 933 llb
1587 880 1649 950 ipsa
1672 882 1742 936 cuim
1754 885 1809 939 iuci-

1028 972 1114 1041 piunt,
1140 980 1222 1042 atque
1246 972 1306 1027 ideo
1325 973 1484 1042 principium
1506 973 1617 1038 dieitur,
1644 982 1674 1027 et
1697 979 1806 1044 qumism

1028 1064 1056 1118 in
1086 1032 1376 1127 conmutantur,
1403 1073 1432 1118 ut
1458 1065 1485 1118 in
1511 1079 1542 1119 ea
1560 1064 1571 1095 ⁸
1587 1065 1726 1128 desinant,
1757 1069 1805 1123 irre

1027 1153 1158 1210 rocabulo
1171 1156 1269 1210 meruit
1288 1155 1433 1225 appellari;
1448 1155 1517 1209 aliae
1530 1170 1598 1211 uero
1617 1157 1691 1212 duae
1707 1157 1806 1224 formae,

1028 1244 1172 1298 secundam
1186 1245 1246 1300 dico
1257 1253 1285 1300 et
1296 1243 1414 1309 tertiam,
1428 1243 1593 1331 Qum
1606 1245 1637 1299 in
1651 1257 1739 1301 nostra
1751 1264 1807 1302 cou-

1028 1333 1200 1404 templatione
1229 1335 1385 1404 gignuntur,
1436 1334 1440 1339 '
1482 1335 1566 1390 etiam
1590 1335 1619 1390 iu
1641 1337 1694 1407 ipsa
1723 1354 1803 1393 rerum

1026 1433 1178 1479 creatarum
1197 1433 1291 1478 natura
1319 1426 1498 1493 reperiuntur,
1525 1442 1555 1481 m
1578 1442 1635 1497 qua
1660 1443 1747 1484 nusae
1771 1432 1801 1485 ab

1026 1512 1163 1570 effectibus
1178 1522 1347 1585 separantur,
1363 1524 1391 1569 et
1409 1514 1520 1570 effectus
1541 1516 1638 1572 causis
1657 1519 1817 1584 adunantur„

1025 1606 1152 1673 quioniam
1178 1606 1205 1659 in
1232 1620 1285 1659 uuo
1310 1620 1420 1674 genere,
1440 1607 1465 1658 iu
1491 1617 1619 1662 creatura
1640 1607 1713 1672 dico,
1734 1626 1801 1663 ιιιιιιιιι

1025 1706 1097 1750 suut.
1111 1696 1180 1751 llas.
1199 1696 1237 1752 lie
1250 1706 1377 1766 quattuor
1391 1707 1475 1802 Qu
1486 1698 1556 1753 lrunt
1574 1699 1658 1755 duae.
1674 1701 1743 1758 Drsc.
1757 1703 1800 1756 lim

187 1784 317 1844 utraeque
340 1776 410 1829 0¹11ffl
444 1776 477 1830 (¹⁰
499 1775 554 1831 ⁰00
580 1777 784 1846 praedicamur,
810 1778 873 1832 nulli
902 1787 974 1832 recte
1025 1788 1132 1842 resisto.
1144 1788 1214 1843 llic.
1228 1787 1338 1855 Quid,si
1353 1790 1643 1848 creaturamCreatori
1655 1793 1800 1863 adiunxeris,

188 1865 391 1935 intelligentium
406 1866 550 1923 obscurum
564 1883 625 1922 esse
641 1870 772 1933 arbitror;
787 1885 803 1924 a
820 1869 893 1923 nullo
903 1870 974 1923 euim
989 1859 1012 1919 Β
1027 1878 1063 1931 ira
1074 1886 1103 1932 qt
1114 1877 1151 1932 nii
1168 1878 1238 1932 aliud
1248 1879 1276 1932 in
1291 1893 1322 1933 ea
1338 1880 1480 1950 intelligas,
1497 1881 1549 1936 nisi
1565 1882 1669 1951 ipsum,
1685 1885 1730 1954 qui
1741 1885 1799 1938 solus

188 1966 304 2024 creatur,
325 1959 395 2029 quod
409 1975 489 2014 causa
511 1961 642 2030 superiori
662 1976 691 2015 se
710 1961 751 2014 rel
772 1961 823 2015 sibi
836 1960 973 2030 coaequali

186 2058 260 2105 caret
271 2063 294 2103 ι.
316 2049 364 2104 Est
380 2051 452 2105 enirn
475 2050 560 2120 prima
576 2050 695 2104 omnium
710 2065 790 2105 causa
804 2050 882 2114 Deus,
894 2065 973 2120 quern

184 2139 250 2193 nibil
268 2140 418 2209 praccedit;
434 2140 471 2194 nil
491 2141 515 2196 ei
532 2140 731 2212 cointelligitur,
747 2142 817 2211 quod
830 2142 880 2197 sibi
897 2156 974 2196 coes·

183 2229 295 2287 seutiale
308 2245 361 2283 nou
378 2230 549 2284 sit.‘l'iclcsue
564 2232 664 2299 itaque,
680 2230 794 2297 primam
807 2238 836 2284 et
847 2239 972 2299 quartam

183 2328 296 2372 uatume
304 2318 417 2372 lorruam
430 2320 456 2372 iu
469 2334 551 2371 unrrm
562 2318 572 2348 ³
583 2332 641 2372 esse
653 2318 808 2372 reuocatas?
819 2319 893 2373 brec.
901 2318 973 2372 Satis

184 2408 273 2471 rideo,
292 2424 411 2477 pureque
435 2407 563 2476 intelligo.
585 2407 642 2460 Non
664 2407 784 2461 enimin
807 2406 862 2462 lieo
884 2409 971 2477 prium

184 2498 271 2553 iorum
296 2514 312 2552 a
332 2509 425 2567 qrrrtrta
445 2499 614 2553 discernitur.
633 2498 663 2552 ln
687 2499 745 2568 ipso
765 2499 898 2568 siquidem
918 2517 972 2556 uon

185 2590 238 2644 duo
250 2591 393 2658 quaedam,
409 2587 548 2642 sedunum
563 2597 635 2654 sum,
651 2589 679 2642 ln
693 2596 857 2645 nostrarero
868 2592 971 2646 tlreoria

184 2683 246 2737 dum
265 2681 345 2735 aliam
367 2681 497 2736 rationem
520 2682 553 2736 de
573 2681 628 2736 lieo
641 2682 806 2751 concipimus
825 2685 970 2741 secundum

183 2773 425 2828 considerationem
452 2772 588 2843 principii,
615 2772 695 2826 aliam
718 2787 784 2828 vcro
805 2772 883 2842 juxta
910 2774 971 2830 imis

182 2864 446 2935 contemplationem,
465 2865 533 2919 duae
547 2864 628 2919 ueluti
643 2864 776 2934 quaedam
791 2863 894 2921 iormac
911 2881 970 2923 csso

181 2957 317 3022 ridentur,
342 2971 377 3011 ex
406 2973 458 3012 uua
485 2957 633 3028 eademque
665 2956 835 3026 simplicitate
864 2958 969 3013 diuinae

184 3056 296 3103 naturae
317 3056 428 3119 propter
449 3048 583 3119 duplicem
605 3056 713 3106 nostrae
733 3049 968 3122 contemplationis

181 3139 356 3194 intentionem
368 3138 509 3195 formatae.

1025 1984 1088 2023 rere
1097 1977 1153 2033 est;
1163 1969 1201 2022 nil
1213 1968 1284 2022 euim
1295 1977 1371 2022 extra
1384 1969 1543 2039 ipsnmrere
1553 1973 1703 2027 essentiale
1711 1973 1799 2034 dicitur,

1024 2059 1087 2127 quia
1110 2058 1209 2123 omnia,
1234 2072 1303 2126 quae
1326 2059 1359 2113 ab
1380 2073 1412 2111 eo
1438 2068 1511 2122 suut,
1530 2060 1570 2114 nil
1590 2061 1666 2116 aliud
1693 2072 1756 2125 suot,
1780 2064 1799 2114 iu

1024 2157 1153 2219 quantum
1169 2157 1242 2216 sunt,
1262 2150 1314 2205 uisi
1335 2152 1506 2221 participatio
1525 2153 1624 2222 ipsius,
1641 2156 1689 2225 qui
1703 2156 1800 2224 aseipso

1024 2244 1095 2296 solus
1106 2257 1153 2312 per
1166 2242 1411 2311 seipsumsubsistit
1425 2260 1432 2298 :
1449 2259 1512 2297 num
1524 2245 1651 2314 negabis,
1662 2245 1798 2301 Creatomm

1023 2341 1050 2387 et
1068 2342 1219 2387 creaturam
1235 2349 1317 2387 unum
1330 2334 1411 2388 esse?
1427 2333 1499 2388 bisc.
1513 2332 1573 2389 lion
1585 2335 1669 2391 lacile
1680 2338 1796 2406 negarine

1023 2423 1086 2477 buic
1100 2424 1172 2478 euim
1187 2423 1336 2480 collectioni
1353 2423 1478 2479 resistere
1488 2424 1597 2480 ridetur
1610 2427 1681 2483 mibi
1692 2428 1800 2482 ridiculo

1023 2530 1081 2569 sum
1096 2529 1166 2569 esse.

1057 2605 1126 2660 liro.
1141 2606 1412 2697 Urrirersitasbaque,
1421 2623 1489 2676 quae
1504 2608 1561 2666 lieo
1575 2617 1604 2666 et
1614 2620 1738 2667 creatms
1750 2626 1801 2666 coo

1022 2698 1131 2764 timetur,
1153 2699 1228 2769 prius
1256 2700 1283 2754 in
1307 2709 1434 2769 quattuor
1461 2700 1545 2755 veluti
1584 2701 1684 2757 formas
1715 2703 1801 2766 divisa,

1022 2789 1163 2845 iterumad
1179 2806 1261 2845 uuum
1274 2791 1450 2856 individuum,
1462 2792 1733 2863 principiumquippe
1742 2810 1801 2847 cau-

1021 2894 1132 2951 samque
1141 2881 1444 2951 incumberes-ocatur.
1458 2883 1530 2938 llrsc.
1542 2881 1712 2939 lleunirersa
1723 2884 1732 2937 i
1746 2884 1795 2937 uui-

1020 2972 1133 3028 rersalls
1144 2974 1396 3053 naturae-divisione
1407 2983 1434 3027 ct
1446 2974 1610 3029 adunatione
1620 2973 1729 3029 iuterim
1741 2975 1799 3029 satis

1020 3071 1121 3125 dictum
1138 3070 1226 3124 uidem.
1248 3069 1315 3123 Nam
1337 3070 1370 3122 de
1395 3068 1625 3123 subdivisionibus
1643 3067 1798 3137 singularum

1021 3158 1167 3214 lormarum
1183 3159 1239 3213 suis
1256 3158 1322 3213 locis
1344 3159 1587 3224 considerabimus
1606 3160 1741 3215 secundae
1750 3160 1797 3213 dim

215 3251 285 3307 llic.
301 3252 471 3308 Recterides.
482 3251 565 3320 Qu‘di
586 3254 657 3309 itur?
668 3253 775 3310 Numet
785 3258 928 3313 secundam
941 3267 968 3313 ct
1020 3261 1048 3308 et
1058 3249 1167 3316 tertiae;
1183 3249 1409 3330 primamquippe
1426 3257 1454 3303 et
1472 3257 1600 3318 quartam
1615 3252 1798 3307 subdivisiones

180 3344 289 3400 tertiam
302 3344 330 3399 in
353 3360 434 3399 unum
454 3345 578 3401 similiter
665 3362 724 3403 mus
745 3349 886 3421 redigere?
908 3351 967 3408 Non
1021 3344 1140 3414 recidire
1155 3358 1209 3397 ¹¹⁰ss
1229 3341 1306 3398 sacilc
1325 3326 1451 3398 ffiffifii·
1469 3342 1587 3423 'Q
1608 3344 1644 3399 Μ
1667 3345 1731 3411 ²¹5³.
1744 3358 1798 3415 ilii

179 3436 253 3492 enim
265 3443 292 3491 te
304 3435 378 3501 latet,
386 3412 639 3510 rrtaes'tffnosquod,
653 3440 722 3496 sicut
733 3422 820 3510 prima
830 3451 858 3498 et
870 3452 966 3512 quarta
1015 3433 1071 3503 jam
1091 3434 1203 3488 dicenda
1223 3442 1295 3498 suot,
1306 3433 1498 3488 transeundum
1509 3432 1640 3489 arbitror.
1656 3433 1727 3491 blac.
1742 3434 1797 3501 duid

180 3527 208 3582 in
223 3525 360 3593 creatore,
375 3528 412 3582 im
427 3529 543 3585 secunda
557 3539 584 3585 er
604 3533 683 3586 senia
700 3531 728 3586 in
745 3541 867 3588 creatum
882 3536 967 3590 miro.
1020 3526 1068 3581 tibi
1083 3525 1208 3581 videtur?
1226 3523 1294 3578 Num
1308 3524 1360 3579 alia
1376 3526 1490 3580 tenenda
1505 3534 1546 3581 est
1560 3528 1662 3582 semita
1672 3529 1707 3584 ad
1724 3530 1796 3584 iures·

180 3616 306 3674 nobiliter
325 3629 532 3690 cognoscuntur.
552 3618 674 3675 &cunda
697 3622 781 3686 euim,
809 3631 838 3676 ut
861 3625 966 3693 praedi.
1019 3616 1174 3688 ligationem
1186 3617 1383 3686 propositarum
1395 3617 1593 3686 quaestionum,
1603 3634 1688 3689 quam
1702 3630 1731 3675 ut
1739 3634 1796 3675 uurrc

180 3720 254 3767 ctum
267 3719 318 3776 est,
333 3718 360 3765 et
380 3721 489 3766 creatur
508 3720 536 3767 et
553 3721 639 3776 creat,
659 3721 686 3767 et
708 3713 734 3765 iu
748 3712 965 3782 primordialibus
1018 3709 1164 3764 secundam
1179 3716 1292 3763 araturae
1312 3707 1425 3763 sormam
1446 3723 1621 3777 quaeramus,
1633 3711 1759 3779 quonism
1772 3710 1797 3763 de

179 3801 269 3858 causis
293 3801 462 3857 conditarum
489 3816 579 3857 rerum
603 3801 776 3873 intelligitur;
799 3805 876 3858 tertia
902 3820 967 3860 roro
1018 3800 1103 3869 prima
1118 3800 1145 3852 in
1156 3798 1238 3868 priori
1254 3797 1333 3863 libro,
1348 3808 1478 3866 quantum
1501 3799 1615 3855 lacultas
1633 3802 1793 3870 suppetebat,

179 3892 266 3949 lorma
279 3903 387 3949 creatur
400 3902 428 3948 ct
442 3909 495 3950 non
514 3902 598 3959 creat,
618 3902 698 3965 atque
712 3894 740 3947 in
760 3892 897 3950 effectibus
908 3895 965 3965 pri·
1018 3887 1255 3949 consideravimus,
1268 3887 1294 3940 in
1311 3902 1364 3955 quo
1382 3889 1467 3955 rrragis
1488 3889 1523 3943 de
1537 3891 1631 3946 decem
1641 3902 1731 3945 rerum
1742 3904 1794 3943 onr-

178 3982 349 4037 mordialium
373 3997 515 4037 causarum
530 3984 673 4054 reperitur.
690 3983 926 4055 Secundeitaque
939 3991 966 4040 et
1017 3980 1090 4033 nium
1108 3979 1260 4049 generibus,
1276 3980 1348 4048 quod
1367 3981 1475 4050 proprie
1491 3980 1525 4036 de
1539 3982 1674 4039 creatrice
1684 3985 1793 4041 omnium

180 4070 486 4140 tertiaunoeodemque
504 4086 613 4141 genere,
628 4073 966 4129 creataeridelicetnatu·
1017 4085 1096 4126 causa
1122 4070 1175 4124 dici
1205 4085 1260 4124 nou
1286 4070 1432 4139 possunt⁶,
1458 4071 1625 4141 disputatum
1646 4084 1700 4143 est,
1724 4089 1793 4145 quam

177 4176 233 4228 rae,
251 4161 431 4225 eontinentur,
455 4168 536 4230 utaque
555 4161 583 4215 in
605 4173 637 4214 ea
656 4175 739 4214 unum
760 4169 831 4217 suut.
852 4161 966 4218 Formae
1016 4161 1050 4215 dc
1077 4160 1134 4230 ipsa
1157 4160 1277 4214 omnium
1299 4159 1476 4214 causaillam
1497 4175 1568 4229 quae
1588 4164 1623 4218 de
1639 4178 1673 4218 ca
1693 4162 1791 4219 dicenda

176 4255 308 4345 siquidem
329 4254 357 4309 in
373 4266 472 4325 genere
490 4267 571 4307 unum
596 4260 668 4306 suut.
690 4250 861 4337 Num-itaque
878 4253 963 4320 rides,
1017 4258 1089 4317 suut,
1108 4251 1142 4304 ad
1156 4259 1269 4320 quartae
1282 4248 1385 4304 lormae
1403 4251 1649 4310 considerationem
1665 4270 1790 4311 reserum

175 4353 303 4418 quattuor
321 4345 469 4402 formarum
488 4343 685 4414 praedictarum
703 4343 770 4400 duas
780 4336 898 4414 quidem,
912 4346 965 4415 pri·
1015 4339 1050 4395 da
1075 4355 1134 4395 esse
1155 4338 1345 4406 indicarimus,
1371 4355 1424 4395 uon
1447 4341 1519 4410 quod
1546 4350 1574 4397 et
1593 4343 1632 4398 ibi
1657 4344 1692 4399 dc
1714 4344 1788 4400 dirim

176 4456 248 4497 mam
273 4441 398 4496 uidelicet
421 4448 449 4494 et
474 4447 609 4509 quartam,
634 4438 661 4493 in
687 4436 854 4502 Creatorem,
884 4438 962 4503 duas,
1016 4440 1111 4485 natura
1130 4429 1788 4504 propriequidautdigueoosdicturosessepro

175 4532 321 4588 secundam
333 4532 392 4588 dico
405 4539 432 4587 et
443 4531 562 4597 tertiam,
577 4531 604 4586 in
618 4537 770 4586 creaturam
785 4528 965 4585 recollectas?
1016 4522 1166 4587 mittamus,
1181 4521 1228 4577 sed
1241 4522 1313 4591 quod
1326 4522 1358 4576 tle
1382 4523 1468 4576 reditu
1490 4524 1614 4580 omnium
1627 4527 1655 4581 in
1674 4542 1730 4583 carn
1750 4538 1787 4593 per

174 4620 339 4678 llrsc.Plane
355 4620 445 4686 video,
454 4621 652 4690 admodumque
665 4620 785 4675 admiror
795 4633 886 4673 rerum
901 4619 966 4674 sub·
977 4591 1003 4652 Ῐ)
1015 4610 1202 4685 primordiales
1217 4627 1324 4678 causas,
1341 4621 1471 4682 quantum
1492 4613 1548 4684 ipsa
1563 4615 1690 4681 ,dederit
1704 4612 1784 4669 dicturi

175 4711 308 4766 tilitateiu.
322 4709 389 4765 Nam
409 4710 479 4766 duae
491 4712 645 4782 praedictae
658 4711 759 4766 lormae
780 4726 834 4767 uon
850 4711 876 4766 in
896 4709 962 4777 Deo,
1016 4720 1119 4760 sumus.
1145 4704 1241 4759 Sicut'
1255 4704 1281 4758 iu
1300 4704 1350 4759 bac
1372 4704 1487 4759 secunda
1508 4704 1700 4773 inquisitione·
1712 4703 1783 4761 mari·

174 4804 222 4857 sed
242 4800 268 4855 in
287 4810 378 4856 nostra
398 4803 623 4871 contemplatione
641 4804 842 4869 discernuntur,
860 4812 888 4858 et
910 4818 963 4859 uon
1015 4813 1058 4853 me
1081 4797 1238 4853 interitionis
1256 4808 1364 4852 nostrae
1387 4800 1564 4867 propositum,
1580 4798 1639 4855 Deo
1661 4798 1781 4870 largienti.

175 4893 234 4960 liei,
247 4894 294 4949 sed
308 4893 420 4948 rationis
433 4903 541 4950 nostrae
553 4894 653 4949 formae
669 4904 741 4960 suut,
755 4904 865 4966 propter
876 4897 963 4966 dupli·
1014 4890 1187 4947 coustitutum
1211 4899 1261 4953 est,
1289 4890 1420 4959 quaerlam
1444 4890 1533 4944 dicere
1565 4890 1598 4945 de
1631 4888 1782 4962 processione

174 5001 232 5041 cem
249 4985 373 5056 principii
387 4992 468 5054 atque
478 4983 539 5040 buis
552 4985 915 5057 consideratioucm;ncque
932 4988 959 5041 in
1013 4991 1197 5039 creaturarum
1221 4981 1255 5036 ab
1284 4996 1338 5034 una
1360 4981 1408 5034 ct*
1431 4981 1517 5050 prima
1542 4982 1664 5038 omnium
1688 4976 1782 5039 eausa¹⁰

174 5078 230 5134 ueo
257 5077 284 5132 in
308 5090 390 5131 unam
413 5074 525 5131 lormam
549 5075 717 5143 rediguntur,
744 5075 791 5130 sed
815 5075 842 5129 in
867 5084 960 5131 nostra
993 5089 1060 5146 ·per
1073 5074 1260 5145 primordiales
1269 5073 1616 5137 esseutias¹¹‚auteomnia
1626 5076 1660 5129 ab
1670 5074 1780 5138 eminet·

173 5169 288 5233 theoria,
303 5180 373 5238 quae
387 5165 449 5221 dum
471 5164 632 5234 principium
649 5172 677 5219 et
698 5163 778 5219 linem
795 5165 958 5232 considerat,
1012 5182 1061 5239 per
1080 5182 1138 5222 eam
1155 5167 1286 5232 conditas,
1302 5166 1328 5219 iu
1355 5165 1461 5220 diuersa
1484 5179 1576 5220 rerum
1592 5180 1693 5237 genera
1712 5164 1781 5219 direr-

172 5258 239 5315 duss
267 5258 396 5330 quasdam
422 5253 524 5311 lormas
554 5254 786 5325 contemplationis
817 5257 844 5311 in
872 5256 958 5327 seipsa
1013 5259 1146 5314 humanus
1161 5257 1266 5312 artimus
1290 5255 1422 5311 adbeum
1441 5257 1591 5326 perveniet,
1608 5267 1664 5312 turn
1682 5255 1779 5312 dirimo

810 5345 936 5403 viulas
956 5346 1154 5404 LECTlONliS.

207 5442 327 5509 *sicin
350 5438 511 5497 stomdl).
548 5437 807 5504 ¹SicCll;dssnt.
859 5439 1141 5506 ’ΒίιῦῡςΑιιιιιιιιι
1179 5435 1588 5502 *8ἱιΰειοοιι.Λ;Ι)ἱιιεο,
1643 5437 1709 5494 'Sic
1731 5435 1779 5497 tm

171 5512 310 5571 Cineam.
349 5512 418 5566 ‘Sic
448 5509 663 5578 composque.
698 5508 840 5575 isicem
858 5510 949 5564 Ased.
988 5509 1136 5575 ³sictm3
1162 5507 1356 5578 liquoestioue.
1394 5505 1439 5560 ”D
1465 5524 1508 5562 uc.
1549 5507 1572 5539 ¹⁰
1584 5507 1631 5566 Sic
1644 5509 1782 5574 CD3cosso

170 5598 225 5639 om.
241 5585 273 5638 lt.
312 5584 333 5616 ¹¹
348 5582 395 5638 Sic
407 5581 465 5647 (103
480 5581 503 5635 ll
516 5578 702 5649 primordiales
721 5597 859 5635 caesorum
873 5581 1012 5636 essentias.

932 5672 1057 5730 NOTAE.

188 5741 259 5823 fil
283 5745 317 5799 ad
346 5760 431 5814 nmrg.
461 5730 548 5799 adser.
574 5740 664 5799 Glosu.
691 5742 748 5799 llos
784 5743 883 5799 dictum
909 5753 963 5798 cst.
981 5753 1085 5812 propter
1106 5741 1208 5796 drosrrus
1239 5740 1360 5795 bonitates
1391 5747 1442 5792 tres
1466 5741 1648 5796 coessentiales
1675 5740 1785 5796 subdor·

173 5819 236 5865 trus.
