3984 6534
119 418 123 425 ,
191 336 244 397 ²⁰⁷
903 340 1050 405 rorums
1065 343 1166 405 scon
1779 337 1827 397 rus

190 451 362 517 dissemmnt.
379 448 452 519 Quas
466 448 592 507 videlicet
610 448 832 522 compositiones,
852 453 980 523 quonlam
994 456 1166 527 Antoninos,
1187 453 1226 516 nil
1236 456 1412 511 manumet
1429 452 1585 525 minuerer·
1607 450 1827 523 menmium&

189 545 269 611 solvi,
283 552 311 600 et
325 543 352 598 iu
367 557 411 609 ea,
426 557 541 613 quorum
555 543 627 598 coitu
640 541 803 610 efficiuntur,
819 546 907 602 redire
919 562 983 618 pos·
1033 548 1188 618 incipentes,
1203 558 1227 602 et
1239 548 1307 603 sulci
1321 546 1407 611 multi,
1420 557 1444 601 et
1455 544 1590 601 concuties
1600 544 1753 601 acumen
1767 546 1827 605 stin

191 644 266 700 sunt,
279 648 421 704 aquamm,
439 646 509 700 quac
522 633 574 688 sub
588 631 664 688 eaelo
677 642 750 697 suut,
768 635 899 691 vocabulo
913 651 980 693 con·
1032 649 1057 693 et
1070 639 1139 695 ulier
1153 640 1263 711 fipurns,
1275 656 1339 695 cnon
1352 638 1374 671 ¹¹
1388 638 1477 693 omniu
1497 637 1640 693 undarum
1661 646 1728 691 tenc
1745 636 1826 707 plne,

189 727 380 801 prueutlssimc
403 724 536 793 Propheta
562 723 734 795 significavit.
761 725 893 793 Quoniam
915 742 981 784 vcro
1032 732 1172 801 conjrmctu
1188 743 1260 799 runt,
1281 732 1344 802 ipsis
1358 731 1448 785 olicino
1468 740 1611 799 praecepto
1623 728 1663 783 ad
1674 745 1757 784 enen
1770 747 1826 787 σοι·

187 817 286 875 barum
301 830 392 871 rerum
404 814 549 870 visibilium
563 817 703 886 corporeis
713 817 836 873 sensibus
846 819 982 887 subjecta·
1031 826 1209 895 qreqmicnenr
1221 824 1334 893 undique
1347 824 1423 893 aquis
1435 820 1553 876 collectis
1566 819 1604 872 ¹¹.

188 924 251 965 rum
268 907 366 978 duplex
379 907 527 977 speculatio
544 917 603 975 cst;
628 908 708 965 aliter
729 910 801 965 enim
817 911 843 965 in
859 911 899 966 eis
913 911 978 967 sub-
1067 913 1114 968 30.
1135 913 1184 969 llis
1196 923 1277 983 atquc
1290 912 1443 981 hujusmodi
1457 910 1553 967 verbis
1564 908 1707 980 praedicti
1719 909 1825 969 tum

184 1000 275 1071 jectas
286 1007 315 1053 et
339 999 523 1055 immutabiles
542 1000 742 1066 subsistentias,
760 999 859 1070 quibus
871 1002 980 1072 proprie
1032 1014 1124 1076 aperte
1139 1007 1276 1072 suadetur,
1288 1005 1323 1061 ob
1335 1005 1405 1061 banc
1415 1016 1527 1059 causam
1543 1000 1824 1073 maturantucssqu

186 1091 349 1161 subsistunt,
371 1090 450 1147 aliter
471 1092 633 1158 accidentia,
656 1107 726 1163 quae
744 1093 837 1164 augeri
851 1103 880 1148 et
892 1094 979 1149 minui
1030 1109 1102 1160 rum,
1117 1096 1216 1165 villique
1229 1109 1277 1167 per
1289 1109 1354 1151 cava
1368 1102 1395 1149 ct
1412 1093 1656 1162 plau'a·terrarum
1671 1089 1822 1157 dilluser,in

185 1182 346 1255 patiuntur,
369 1181 541 1251 instabilique
566 1193 641 1241 motu
669 1199 776 1257 semper
800 1185 898 1241 variari
924 1201 979 1255 nou
1030 1187 1267 1258 congregationem
1292 1199 1373 1241 unam
1394 1184 1487 1240 divino
1506 1191 1668 1255 praecepto
1684 1182 1824 1241 luissecol·

185 1272 323 1337 desinunt,
339 1271 530 1343 speculamur:
544 1274 727 1329 necessarium
746 1283 815 1341 erat,
838 1274 978 1331 mutabilia
1028 1273 1123 1341 lectas,
1148 1291 1183 1339 ne
1206 1285 1291 1331 totam
1316 1284 1405 1330 terrae
1428 1273 1611 1344 superlleiem
1626 1272 1824 1331 lundetimun

184 1364 220 1423 ab
240 1362 453 1420 immutabilibus
475 1365 623 1435 segregari,
643 1364 695 1421 boc
717 1374 768 1432 cst,
793 1366 977 1423 accidentiae
1029 1381 1140 1422 suarum
1152 1365 1379 1423 cumulationibus
1391 1365 1581 1436 cooperirent,
1593 1373 1628 1423 et
1640 1366 1823 1425 st·¹scusus

185 1455 348 1515 substantiis
374 1453 550 1510 intellectuali
566 1456 574 1487 ¹
591 1454 782 1525 dijudicatione
796 1457 931 1523 discerni,
949 1465 977 1513 et
1027 1455 1163 1513 humanae
1174 1456 1350 1513 habitationis
1363 1456 1614 1529 appareretarirla,
1628 1446 1820 1525 munori-

184 1547 326 1605 mutabilia
349 1547 458 1616 quidem
482 1548 564 1602 veluti
592 1548 761 1604 instabilium
780 1565 923 1621 aquarum,
943 1566 976 1606 ac
1027 1546 1133 1617 busqvn
1145 1547 1282 1614 decorata,
1296 1548 1410 1605 diversis
1420 1548 1586 1605 animalium
1598 1548 1701 1607 instuit
1709 1552 1819 1622 cupisse,

184 1654 292 1711 semper
315 1638 523 1706 fluctuantium,
553 1640 732 1696 immutabilia
757 1656 834 1704 vero,
858 1656 976 1711 suaeque
1027 1639 1202 1710 amplissimis
1213 1638 1324 1706 Oceani,
1341 1641 1570 1713 diversorumque
1583 1641 1823 1713 pcteqomltuo

184 1741 299 1789 naturae
319 1730 468 1786 stabilitate
482 1731 667 1796 subsistentia,
686 1731 789 1787 solidae
803 1732 905 1787 telluris
920 1734 976 1789 ari·
1025 1730 1103 1786 ribus
1121 1730 1222 1797 cincta,
1237 1740 1265 1786 et
1277 1731 1311 1786 ab
1326 1732 1427 1802 impetu
1440 1731 1609 1797 fluctuantis
1622 1734 1724 1801 maris,
1735 1749 1821 1795 arcue-

183 1825 288 1895 deeque
309 1822 442 1879 vocabulo
465 1822 621 1894 significari.
646 1823 674 1878 ln
700 1824 743 1880 bis
764 1838 830 1895 ergo
849 1824 975 1880 omnibus
988 1838 1013 1899 B
1027 1819 1067 1875 sis
1081 1821 1204 1877 obicibus
1221 1821 1328 1878 divinae
1338 1821 1471 1892 jussionis
1485 1823 1593 1879 virtute
1618 1826 1822 1883 rubonibus·

181 1913 255 1975 nulla
270 1912 408 1983 allegoria,
426 1913 472 1967 scal
484 1913 553 1966 nuda
567 1913 578 1944 ¹
591 1912 758 1968 solummodo
772 1914 882 1985 physica
906 1929 973 1969 con·
1027 1914 1094 1968 nita.
1111 1912 1200 1967 Divini
1215 1912 1347 1982 siquidem
1372 1913 1509 1983 praecepti
1525 1913 1630 1985 vigore
1650 1914 1822 1975 ausurum

181 2005 311 2064 sideratio
325 2012 467 2068 tractatur,
484 2005 614 2060 mutuatis
632 2004 799 2060 sensibilium
818 2006 974 2061 nominibus
1026 2005 1160 2059 undarum
1174 2002 1251 2058 luror
1266 2003 1419 2059 refrenatur
1431 2012 1459 2060 et
1470 1995 1684 2075 repercutitur,
1704 2023 1741 2067 ne
1755 2008 1819 2080 plur

183 2097 220 2155 ad
244 2095 418 2168 signillcamla
443 2096 588 2153 invisibilia
617 2094 835 2165 frequentissimo
864 2098 973 2153 divinae
1027 2102 1161 2149 terrarum
1175 2101 1204 2147 et
1216 2076 1360 2149 bumilio'ra
1374 2108 1403 2148 se
1422 2092 1482 2150 loca
1491 2094 1631 2153 obruant.
1645 2096 1723 2155 llaec
1732 2109 1819 2165 antu,

179 2184 338 2261 Scripturas
352 2205 411 2243 usu.
426 2186 479 2243 Seu
497 2203 530 2243 ne
552 2186 580 2242 S.
596 2188 681 2257 patris
696 2187 784 2242 Basilii
802 2188 972 2243 reverendis·
1025 2192 1056 2239 ut
1076 2183 1143 2250 dixi,
1164 2182 1325 2256 subjungere
1347 2184 1430 2249 volut,
1453 2200 1488 2241 ¹¹0
1514 2184 1590 2241 iorte
1620 2189 1690 2257 quis
1714 2189 1819 2255 diuersi,

178 2279 264 2337 stauos
279 2280 421 2334 vtueannr
440 2292 569 2345 spernere
590 2278 752 2341 ciriciacus,
776 2279 841 2347 ‹qutu
864 2280 898 2333 uc
920 2281 972 2335 troc
1024 2288 1109 2344 quare
1120 2272 1307 2344 glovtosrsstuu
1316 2289 1411 2329 sacrae
1422 2272 1584 2344 Scripturas
1593 2278 1812 2348 expositorum

179 2371 307 2433 aeluserit,
329 2375 462 2439 quantum
483 2367 547 2420 mibi
580 2367 834 2436 diturivuelligerc,
852 2366 972 2423 breviter
1024 2379 1084 2420 sum
1098 2365 1208 2420 omuino
1224 2365 1373 2435 praeterire
1387 2364 1446 2419 ausi
1460 2379 1570 2421 sumus.

177 2458 322 2514 intimabo.
344 2457 372 2509 ln
397 2464 494 2524 quarta
518 2455 633 2508 Humilia
654 2456 681 2509 iu
700 2455 816 2510 Genesin
833 2455 970 2527 :Conqre
1058 2455 1103 2509 st.
1126 2456 1199 2512 Drsc.
1219 2455 1334 2512 Provide
1355 2464 1497 2524 cauteque.
1514 2453 1578 2512 Non
1600 2457 1684 2515 enim
1705 2459 1818 2517 debunt

179 2558 284 2620 peritur,
309 2547 408 2616 iuquit,
432 2560 517 2615 nqrtae
531 2545 559 2598 in
577 2546 801 2616 eorrprepotioucm
821 2563 910 2601 unam.
929 2546 971 2603 Ne
1023 2547 1175 2604 uicinorum
1195 2534 1305 2603 Pnlrurn
1328 2546 1480 2607 Intellectus
1496 2548 1557 2605 ullo
1574 2550 1670 2609 modo
1686 2553 1817 2627 negligere.

178 2639 289 2711 influens
313 2654 381 2709 aquo
405 2636 554 2706 recipientes
578 2653 605 2691 re
630 2639 748 2709 reqiones
767 2636 969 2707 superfundens,
1022 2651 1069 2692 seu
1085 2637 1235 2704 annullare,
1249 2638 1408 2709 praesertim
1422 2653 1484 2693 cum
1498 2655 1552 2695 nos
1567 2656 1629 2699 non
1640 2642 1817 2713 lawarn

178 2745 348 2800 crescensque
365 2743 475 2798 semper,
494 2738 519 2782 et
545 2726 612 2782 clins
628 2726 639 2759 ⁸
657 2744 689 2782 ee
703 2727 762 2783 eliis
782 2728 902 2798 implens,
917 2747 971 2784 om·
1022 2730 1183 2801 saepissime
1203 2731 1364 2801 simpliciter
1384 2731 1547 2802 disputasse,
1574 2738 1763 2806 capacitate·
1778 2755 1818 2795 aa·

176 2837 236 2879 nem
250 2822 373 2893 coritiqun
389 2818 532 2875 includeret
545 2817 667 2891 Epirum,
688 2835 718 2872 eo
739 2818 816 2887 jussu
832 2829 869 2872 est
883 2820 894 2849 ⁸
909 2836 970 2875 con·
1023 2819 1154 2874 dieutium
1175 2835 1228 2877 non
1251 2822 1317 2877 satis
1336 2821 1460 2879 idoneam
1475 2824 1510 2879 ad
1521 2824 1762 2895 profundissimos
1772 2830 1819 2901 spi·

176 2914 280 2987 properi
293 2912 321 2967 in
336 2912 564 2983 conpreqotionem
578 2927 658 2966 uuum
670 2909 691 2965 ¹.
703 2912 741 2965 Ac
752 2909 762 2940 ¹
772 2927 818 2980 per
830 2911 879 2965 boe
893 2928 970 2981 saepe
1022 2910 1129 2967 ritualis
1152 2911 1260 2966 virtutis
1284 2912 1446 2968 naturalium
1472 2916 1616 2971 rationum
1639 2920 1818 2991 percipiendos

174 3007 306 3078 fluctuans
320 3006 444 3061 essentis
459 3020 541 3070 mure,
556 3014 579 3058 et
593 3004 621 3058 in
638 3002 804 3058 altitudinem
825 3004 969 3057 merlinum
1021 3001 1175 3059 intellectus
1191 3003 1375 3072 providentes.
1390 3003 1479 3076 btqvm
1489 3005 1554 3062 ideo
1567 3022 1629 3063 tion
1640 3010 1818 3069 mercius»

174 3098 315 3153 subleveris
329 3096 461 3166 partibus,
476 3111 548 3160 mou,
568 3106 595 3149 su
610 3096 700 3149 littora
714 3095 843 3166 reciperit,
861 3095 888 3149 in
907 3111 969 3163 rpu-
1003 3098 1006 3109 ·
1023 3090 1086 3157 rim,
1111 3100 1140 3146 ut
1158 3093 1265 3162 opinor,
1284 3092 1415 3149 deiferum
1429 3094 1576 3163 ltasilium,
1600 3113 1724 3171 superne
1738 3104 1817 3174 gutia

176 3202 246 3241 muns
268 3185 370 3239 soluens
388 3187 524 3254 impeturn,
540 3185 687 3239 reuertitur.
710 3184 752 3239 An
766 3202 806 3239 me
819 3201 872 3239 nan
891 3186 967 3238 timc-
983 3189 1007 3253 c
1022 3180 1211 3249 illuminatum,
1238 3183 1388 3254 simplicius
1410 3187 1574 3255 exposuisse
1597 3204 1650 3253 ses
1670 3194 1821 3262 puerorum

176 3275 217 3332 leis
230 3277 253 3343 ',
264 3276 328 3330 dicit
348 3275 484 3337 dominus,
508 3287 645 3344 ponentem
663 3288 804 3331 terminum
817 3279 886 3332 nturi
911 3294 970 3331 ore·
1022 3270 1126 3341 dierum
1150 3273 1355 3347 intelligibilium
1369 3279 1555 3348 operationes,
1578 3295 1660 3355 quarn
1677 3284 1820 3343 intellexe.

176 3381 249 3432 num,
262 3366 290 3418 in
301 3364 454 3434 firmissimo
465 3365 582 3419 ontrrium
595 3366 699 3431 subulo,
715 3384 747 3421 ne
760 3367 772 3400 ⁸
787 3368 904 3422 uidelicet
918 3371 970 3422 cio·
1021 3373 1076 3429 rat,
1091 3378 1243 3419 serrvrnucrn
1264 3365 1430 3437 simplicitati
1446 3370 1603 3427 auditorum
1615 3384 1765 3445 mapulas.
1780 3376 1817 3431 st-

175 3457 272 3512 lenlr'ne
290 3455 384 3510 incerti
406 3455 488 3510 moris
505 3453 671 3523 refrenantur
694 3454 717 3508 ¹.
739 3456 864 3529 Alioquin
894 3459 968 3529 quid,
1021 3454 1131 3524 quidem
1144 3457 1324 3514 homiliariter
1334 3459 1367 3514 ad
1379 3458 1507 3531 populum
1520 3460 1825 3537 benum-quelqnod.

176 3551 276 3624 iuquit,
291 3549 438 3620 prolueret
460 3547 569 3601 rubrum
587 3564 668 3613 rorare,
688 3562 790 3602 curnem
812 3550 969 3621 depuratum,
1021 3545 1101 3600 simul
1115 3555 1143 3602 et
1156 3546 1339 3605 semelalieo
1358 3548 1459 3605 iactum
1481 3549 1568 3609 luisse
1586 3552 1681 3613 atum
1692 3570 1816 3631 cognoss-

174 3643 240 3715 dum
266 3641 299 3697 sit
322 3640 459 3704 bismilies,
483 3640 593 3706 intrare,
610 3648 634 3692 et
647 3639 779 3708 cooperire
796 3639 912 3709 aeqypto
926 3656 970 3708 pe·
1021 3645 1074 3701 rat,
1099 3637 1181 3694 veluti
1206 3649 1356 3713 temporum
1374 3642 1491 3713 morulis¹
1510 3644 1694 3721 disperderem
1715 3659 1816 3723 propter

172 3731 251 3807 uque
265 3733 428 3796 incumbens,
441 3732 464 3785 ri
476 3748 528 3785 non
540 3739 677 3802 praecepto
688 3740 753 3784 essct
768 3727 902 3784 Crantoris
917 3730 969 3783 im·
1021 3745 1077 3793 eos,
1096 3747 1212 3801 quorum
1227 3750 1322 3799 sensus
1341 3751 1433 3792 moras
1452 3746 1624 3809 temporum,
1648 3741 1815 3815 murumque

173 3826 291 3901 peditum
304 3824 337 3898 ¹¹.
364 3821 436 3878 uam
454 3825 516 3894 quio
538 3821 664 3877 lrumilr'or
679 3834 716 3876 est
740 3822 817 3876 rubro
836 3823 905 3875 niori
918 3820 970 3876 de·
1021 3826 1165 3882 distantias
1175 3840 1304 3897 superare
1317 3830 1462 3895 nescierat,
1476 3829 1620 3901 exposuit.
1632 3832 1715 3903 Quod
1726 3835 1814 3907 stipes

173 3929 284 3994 suptus,
302 3917 409 3989 quidum
434 3914 546 3970 uolentes
564 3930 640 3986 opere
664 3913 713 3968 sibi
731 3914 840 3968 inuicem
859 3914 880 3945 ¹¹
901 3914 971 3984 pelo·
1021 3919 1231 3975 sublimissimus
1255 3920 1448 3990 prophetarum
1470 3918 1579 3993 iloyses
1603 3920 1708 3983 iecisse
1728 3926 1811 3997 dipo-

175 4026 222 4081 pos
236 4004 558 4077 eonjunqeredeppptium
572 4014 596 4059 ct
614 4002 969 4074 indicum,inquorulrrunr
1019 4009 1116 4065 scitur.
1138 4008 1197 4064 Non
1218 4011 1292 4066 enim
1315 4009 1399 4065 semel
1412 4017 1441 4065 et
1453 4009 1536 4067 simul
1549 4010 1575 4044 ¹⁸
1587 4016 1686 4084 polttii
1698 4030 1808 4081 uerum,

174 4109 213 4177 est
235 4113 308 4152 neore
319 4112 329 4151 .·
340 4105 445 4167 propter
470 4096 519 4150 boe
543 4095 667 4161 probibiti
688 4105 749 4150 sunt
772 4097 921 4161 coitalibus,
944 4106 968 4151 et
1019 4100 1092 4170 quod
1104 4099 1190 4155 semel
1202 4108 1230 4154 et
1244 4098 1359 4155 sinrul¹¹
1373 4099 1443 4156 bens
1455 4100 1545 4171 potuit
1558 4100 1668 4171 lacere,
1683 4104 1808 4181 Siquidm

173 4192 276 4271 primm
288 4189 416 4245 inchoans
429 4185 555 4243 &sostris
568 4189 718 4258 aeqyptius,
735 4203 766 4241 uc
778 4197 868 4257 posteo
882 4188 968 4245 uolens
1020 4200 1120 4257 etnos,
1144 4191 1189 4260 qui
1214 4190 1304 4248 adbuc
1330 4191 1358 4246 in
1385 4191 1505 4247 tenebris
1530 4192 1709 4267 igttonntias
1725 4196 1808 4271 palpe-

173 4283 297 4356 peqicere
310 4278 408 4337 Darius
420 4278 524 4335 Medus.
539 4276 612 4333 llaec
625 4297 641 4332 o
654 4294 695 4333 nse
705 4279 778 4332 dictu
795 4289 866 4342 runt,
889 4290 917 4335 ut
931 4281 969 4335 in·
1019 4280 1130 4338 brantes
1150 4279 1174 4312 ¹¹
1193 4280 1281 4336 lucem
1304 4280 1427 4337 veritatis
1450 4297 1584 4340 conamur
1611 4288 1747 4367 sepiens,
1761 4304 1806 4345 nnn

173 4360 323 4446 t'cllipnmur
337 4372 467 4443 praecepti
481 4371 621 4425 uirtutem:
635 4364 830 4440 Conprepentur
843 4388 927 4444 aquae
942 4375 969 4427 in
1019 4391 1109 4439 omne,
1118 4375 1189 4445 quod
1198 4374 1280 4429 simul
1292 4383 1381 4431 mente
1392 4375 1564 4448 concipimus
1572 4379 1613 4449 ¹¹,
1626 4381 1805 4455 vcrbbupla·

174 4463 403 4535 concrepationem
417 4477 508 4528 unum,
523 4462 572 4515 boc
586 4470 635 4525 est,
652 4460 726 4513 nullo
738 4460 787 4513 ¹¹n
801 4462 887 4532 seipso
899 4479 969 4517 rece·
1020 4483 1086 4525 nare
1106 4467 1227 4522 valemus
1241 4466 1280 4534 ¹¹;
1303 4467 1392 4523 omnis
1409 4483 1529 4540 namque
1544 4487 1604 4541 ars,
1621 4474 1653 4531 in
1667 4476 1754 4547 anino
1767 4488 1803 4530 tt·

174 4555 222 4611 tint
243 4554 276 4621 ¹⁸,
301 4554 347 4610 sed
366 4555 395 4608 in
417 4553 503 4623 prima
526 4551 678 4606 collectione
698 4562 855 4622 cortpreqctc
868 4570 969 4624 parma.
982 4545 1010 4606 I)
1021 4560 1122 4632 plenus
1145 4560 1335 4616 universaliter
1351 4560 1480 4630 formala,
1495 4562 1620 4625 diversis
1634 4567 1767 4627 lima
1778 4574 1803 4623 st

174 4655 237 4719 nect
253 4644 286 4699 ¹¹.
307 4644 411 4699 Deinde
427 4644 520 4698 diceus
532 4661 539 4695 :
552 4640 748 4713 Conprepentur
768 4658 852 4712 cquae
868 4645 896 4700 in
909 4663 968 4701 eon·
1023 4649 1205 4723 syllabarum,
1232 4651 1432 4722 dictionumque
1460 4656 1664 4725 temporalibus
1688 4650 1800 4721 mm,

174 4734 352 4808 necationem
364 4750 462 4800 unam,
478 4733 623 4789 ostenditur
640 4733 673 4799 ¹¹,
694 4734 872 4806 quianullus
893 4748 967 4793 erunt
1021 4740 1176 4796 necessario
1199 4740 1398 4812 paniculariter
1420 4742 1603 4819 ordinateque
1627 4750 1659 4807 in
1675 4764 1750 4809 sura
1767 4747 1799 4803 di·

175 4845 223 4901 per
242 4827 265 4861 ¹¹
278 4828 374 4882 multos
395 4827 486 4881 modos
501 4836 650 4898 sepreputce
666 4843 759 4899 cquae.
772 4826 844 4899 lupa
857 4816 972 4901 numque*
1022 4830 1155 4887 suentium
1173 4831 1342 4887 diffunditur.
1368 4830 1427 4889 Nou
1440 4847 1506 4905 erpo
1518 4838 1798 4909 praenimium

175 4921 321 4985 montium,
361 4918 493 4990 prosurrrlu
508 4919 530 4950 ¹¹
552 4918 658 4973 collium
688 4920 809 4990 irriquo,
839 4937 968 4993 equorum
1021 4921 1152 4980 debemus
1181 4924 1308 4980 arbitrari
1334 4925 1494 4997 simpliciter
1515 4926 1709 5005 irrtellexissp,
1734 4926 1796 5002 quel

173 5011 354 5075 sabulonem
375 5006 560 5073 babebant¹¹,·
583 5018 607 5064 et
633 5008 719 5063 adbuc
742 5011 827 5081 campi
849 5012 927 5067 multi
944 5023 968 5068 et
1021 5014 1179 5086 simpliciter
1197 5016 1304 5073 videtur
1330 5017 1496 5090 exposuisse.
1526 5018 1598 5089 Quis
1629 5024 1702 5083 enim
1730 5020 1794 5079 ule

816 5136 946 5197 ussus
963 5140 1162 5204 tscrtuuus.

211 5247 498 5310 ¹A·intcllecluolibus.
534 5245 738 5303 'merome
775 5245 901 5305 'Aelim
941 5252 1350 5328 ¹ProeojussoestGuisuest.
1388 5262 1603 5324 'ummoffip
1643 5270 1657 5305 e
1667 5268 1793 5329 dmg·

174 5329 187 5365 ¹
207 5324 375 5383 Atimeit'lis·
401 5317 533 5445 ω’ὃίίὶὲηέ.
549 5316 910 5447 ,Αέαέἔὲοέήξθιῗζίοηεὶη
930 5324 984 5449 :id
1009 5327 1192 5452 maſsmanno!
1216 5333 1332 5455 omium
1352 5333 1443 5414 enimc
1465 5337 1550 5390 morie
1579 5340 1706 5423 uiolentia
1727 5339 1794 5396 irricb

76 5451 80 5461 ⁵
176 5398 388 5526 &limam
405 5430 627 5529 impedimerltnnr.
664 5404 744 5514 ¹l’Sic
761 5407 1225 5541 qulfiridaauro’peqrgopersuirigpreiu
1246 5413 1794 5539 ,dffiiqrzoclmsnffiefcgn'paam

137 5574 140 5585 ·
178 5537 375 5593 ”breeednut
414 5531 659 5601 ¹‘Apermunennb
699 5528 951 5612 “Costendittibi
990 5536 1013 5569 ¹¹
1033 5556 1079 5607 per
1102 5539 1203 5592 ouum
1243 5541 1498 5614 ”Aprofqndpapp
1537 5546 1596 5605 asc
1611 5551 1720 5607 popm·
1752 5546 1797 5601 oq

176 5607 362 5663 multitudinis.
396 5601 618 5674 '’seruoqune.
655 5599 949 5675 ¹¹Acorqunctasuut,
965 5617 990 5663 et
1009 5608 1058 5664 Dei
1075 5609 1157 5681 ipsius
1178 5610 1438 5741 divinodrraccepto.
1455 5627 1481 5670 a.
1502 5631 1530 5672 u.
1558 5632 1585 5675 c.
1611 5636 1641 5676 n.
1660 5638 1742 5692 cquae
1757 5616 1798 5675 ccl·

1296 5722 1305 5753 Ι

179 5679 267 5758 bstou
305 5678 327 5708 ¹¹
341 5671 476 5732 atomi.
514 5670 787 5728 ”Cnounoslntecu
824 5672 1140 5738 ¹⁸³¹Aslinnietsemel.
1177 5679 1260 5741 “Sic
1318 5682 1725 5765 Apulpmteeglfflalpirm,
1756 5684 1799 5741 ”ll

180 5744 362 5801 mmmmmus.
397 5742 610 5800 ”Aculeonem
1665 5756 1684 5781 ι.
