3984 6534
64 431 125 495 aot
310 412 328 426 ‘'
495 429 539 489 ne
557 431 727 490 ornsrona
744 432 919 492 utrumn.
944 460 979 476 -
995 431 1098 489 arona
1116 429 1275 489 renatus.
1611 372 1691 494 ”sae

67 547 134 605 dom
148 555 156 588 ¹
168 556 234 603 vcro
248 557 299 618 per
314 543 566 603 condescensionem
583 546 718 616 quandam
732 544 854 603 inedabi·
865 546 976 612 Aornni
988 553 1112 601 creatura
1124 552 1152 599 et
1165 544 1239 599 circs
1260 557 1368 599 onmem
1392 553 1542 602 creaturam
1566 560 1582 610 a
1604 547 1691 618 quali·

67 637 150 697 bilem
162 637 190 693 in
203 652 328 709 ea,quae
340 644 412 703 sunt,
427 638 525 695 mentis
550 638 561 669 ¹
586 639 725 694 obtutibus
748 639 855 709 inspici·
905 653 1011 708 cunque
1024 638 1160 693 intellectu
1173 644 1261 706 potest
1276 637 1397 706 intelligi.
1419 638 1452 693 tm
1469 640 1593 711 quisquis
1607 641 1720 696 intem·
1757 660 1765 677 =
1834 632 1837 637 ’
1898 630 1913 653 “

66 735 123 794 tur,
136 726 195 797 ipsa
203 726 262 783 oola
275 725 438 782 inomnibus
451 727 585 781 iuvenitur
607 726 707 792 'esse
720 735 748 783 et
760 735 812 791 est,
827 734 856 783 et
893 736 948 784 tus
968 711 1053 785 iuncti
1076 726 1194 797 Dionysii
1217 726 1299 781 verba
1328 727 1486 797 inspexerit,
1510 729 1578 786 baec
1599 730 1637 786 im
1662 745 1693 786 so

63 826 175 885 erat,ot
189 817 253 873 erit.
273 817 416 886 bumergo
430 817 709 888 incomprehensibilis
728 819 853 889 intelligi·
894 820 1004 875 babere
1029 817 1157 874 irrienict.
1186 816 1224 872 Er
1249 818 1346 888 quibus
1369 833 1441 874 nunc
1462 834 1547 889 paura
1572 821 1693 878 inserere

63 914 122 974 tur,
142 920 193 977 per
208 904 395 967 excellentiam
414 905 593 962 nibilumnon
608 906 855 963 immeritororita·
903 925 957 966 non
971 909 1149 980 incongruam
1167 909 1284 975 videtur,
1307 919 1414 978 etquae
1438 911 1465 965 in
1488 911 1625 982 prioribus
1643 927 1694 970 no·

63 1000 124 1065 tter.
146 994 183 1051 bt
201 1008 266 1050 vero
277 994 304 1049 in
318 993 376 1050 suis
389 994 557 1063 tlteopbaniis
571 996 701 1067 incipiens
713 1012 852 1068 apparere,
904 1009 976 1056 strae
989 999 1221 1056 sermocinationis
1239 999 1455 1070 processionibus
1477 1015 1510 1056 ex
1533 1001 1593 1070 ipso
1612 1014 1693 1056 aces·

64 1081 151 1141 ueluti
163 1097 198 1139 cr
210 1081 294 1139 nihilo
318 1081 346 1137 in
365 1082 377 1114 ⁸
399 1082 499 1154 aliquid
522 1084 622 1139 dicitur
642 1085 808 1155 proaedere,
826 1094 855 1142 et
903 1093 1002 1162 pimus,
1021 1093 1118 1147 iterum
1137 1099 1259 1161 repetere
1277 1091 1299 1125 ¹¹
1316 1092 1498 1148 necessarium
1515 1091 1692 1164 judicamus.

10 1222 21 1265 -,
66 1187 141 1245 (Ι1110
161 1172 486 1244 propriesupraomnem
507 1176 853 1244 0⁸⁵0¹¹¹i³⁰10¹i³¹iffl³llllt
903 1187 968 1258 Aqe,
982 1187 1333 1258 inquitaptimumntuere,
1350 1195 1374 1241 et
1389 1187 1555 1241 existentium
1575 1187 1693 1243 omniun

64 1263 174 1336 limittit
191 1277 300 1335 (time
313 1263 342 1319 ill
359 1265 432 1320 ⁰¹1¹¹¹i
449 1265 567 1321 essentia
581 1267 761 1337 cornustibii.
778 1267 853 1323 ideo·
903 1271 1514 1346 substantifieumlaudemus'bli,sicenimipse
1521 1276 1663 1349 Dionysius

63 1353 347 1425 queomnisrisibilis
371 1362 399 1410 et
415 1354 556 1411 inuisibilis
577 1367 702 1412 creatura
723 1358 854 1429 tbeopha·
902 1372 982 1418 vocat
1004 1363 1098 1427 lleurm
1119 1365 1198 1417 totius
1218 1380 1272 1419 asae
1296 1363 1438 1418 seeundum
1464 1364 1582 1418 uirtutem
1605 1382 1695 1436 super-

62 1444 122 1512 nia,
137 1442 166 1499 id
181 1453 235 1510 est,
251 1443 342 1500 dirina
355 1445 488 1516 apparitio
502 1452 590 1516 potest
601 1445 742 1517 appellari.
759 1448 854 1504 Omnis
903 1453 1065 1508 essentialem
1075 1462 1111 1507 est
1122 1454 1277 1508 substituent
1295 1462 1424 1517 suasmet
1439 1450 1549 1507 Creator
1559 1452 1693 1509 existentis

62 1531 199 1605 siquidem
211 1532 279 1605 ordo
290 1542 447 1590 naturarum
461 1551 477 1589 a
492 1551 598 1592 summo
616 1552 701 1608 usque
715 1539 853 1606 deorsum,
903 1543 1094 1608 subsistentiae,
1114 1542 1285 1606 substantiae,
1299 1543 1433 1606 essentiae,
1456 1551 1578 1609 naturae,
1598 1542 1695 1611 princi-

62 1626 119 1683 ituo
140 1632 193 1703 est,
214 1640 248 1681 es
262 1625 425 1683 caelestibus
435 1627 571 1687 ,essentiis
588 1644 673 1700 usque
686 1629 719 1684 ad
733 1638 853 1685 extrema
903 1633 974 1702 pium
984 1642 1007 1686 et
1018 1647 1140 1686 mensura
1148 1629 1294 1686 seculorum
1304 1638 1328 1683 et
1338 1639 1491 1698 transponam,
1503 1626 1675 1683 essentialitas
1682 1645 1694 1695 ,·

62 1715 160 1773 maadi
171 1716 253 1788 buius
269 1712 384 1773 risibilis
399 1732 512 1789 corpora
528 1720 555 1786 ¹,
568 1722 595 1776 in
609 1728 739 1793 quantum
761 1721 853 1776 oecul-
904 1733 928 1777 et
944 1736 953 1774 .·
967 1721 1107 1775 aeternitas
1117 1721 1292 1785 existentiam,
1311 1729 1410 1789 tempus
1430 1718 1452 1752 ¹¹
1469 1717 1598 1788 [auorum
1614 1756 1623 1783 ,
1640 1732 1696 1774 esu

50 1807 120 1869 ,tius
132 1807 145 1841 ⁶
157 1806 328 1880 intelligitur,
351 1809 380 1865 in
395 1819 498 1866 tuntum
511 1811 619 1868 diuinae
630 1813 744 1868 claritati
758 1827 855 1884 appro-
906 1820 1035 1885 atcunque
1045 1811 1121 1878 iactis
1131 1826 1164 1865 ea
1174 1809 1291 1880 eo,quod
1302 1808 1325 1841 ¹⁸
1335 1818 1373 1863 est
1382 1816 1526 1874 aeternum,
1536 1817 1561 1861 et
1572 1807 1707 1875 assentitur

61 1898 199 1969 pinquartt
218 1898 335 1955 vitietur.
360 1898 477 1956 Proinde
498 1917 514 1956 a
541 1902 673 1973 theologia
695 1903 852 1959 metentium
865 1898 890 1960 B
903 1896 973 1965 etin,
988 1908 1012 1953 et
1025 1908 1136 1969 tempus,
1149 1897 1326 1967 etqene'ratio,
1348 1906 1371 1951 et
1393 1897 1503 1965 sartum,
1523 1897 1551 1951 in
1574 1898 1695 1953 existenti
1713 1970 1725 1979 ἢ

62 1985 198 2043 uirtutum
210 1985 527 2046 meoeecsibilisclaritas
548 2006 629 2063 saepe
643 1993 798 2048 nominatur
812 2001 853 2048 te-
904 1990 1088 2054 earentialitas,
1105 1999 1130 2045 at
1150 1999 1279 2058 utrunque
1309 1988 1473 2042 subsistentia
1494 1997 1518 2042 et
1538 1978 1713 2045 substantia.'

65 2074 233 2132 aebrontas.
245 2074 301 2134 Nec
315 2077 424 2144 mirum,
440 2095 501 2134 cunt
513 2089 541 2134 et
554 2081 612 2149 ipsa
627 2097 730 2135 sunrnra
749 2081 854 2150 sapien·
905 2080 1009 2135 Etenim
1030 2079 1102 2135 Detts
1114 2096 1165 2133 non
1176 2079 1238 2131 duan
1251 2087 1287 2131 est
1309 2073 1346 2141 ia,
1358 2077 1403 2130 reti
1413 2076 1564 2145 sirnplr'ca'ter
1582 2088 1606 2132 et
1617 2079 1698 2133 tanr-

67 2164 119 2234 tia,
132 2165 177 2224 ctti
187 2167 416 2240 appropinquant,
429 2170 587 2241 saepissime
611 2171 783 2227 testebrarom
808 2187 856 2227 ro-
905 2172 1036 2237 cumtinite
1057 2180 1139 2225 totam
1153 2171 1180 2223 in
1190 2186 1217 2224 se
1227 2169 1282 2238 ipso
1302 2167 1458 2230 coambiens,
1477 2167 1586 2235 proinde
1605 2184 1697 2223 anea

54 2256 164 2329 eubulo
182 2258 358 2332 significetur.
376 2260 646 2335 Attali-disulmislam
664 2272 683 2316 :'
696 2262 765 2329 Quia
787 2265 856 2319 sicrrt
905 2265 1002 2318 dicitur
1017 2262 1164 2318 mertiorum
1176 2261 1208 2326 ¹⁹,
1224 2269 1347 2331 tanquam
1359 2261 1386 2312 in
1396 2257 1532 2325 semetipso
1544 2258 1577 2324 ¹',
1591 2268 1614 2313 et
1627 2260 1696 2314 eirea

52 2340 262 2423 ,tenebrmjaq
274 2352 311 2407 itu
321 2363 346 2408 et
356 2351 521 2424 iumenep'us.
540 2354 580 2410 Aa
592 2355 613 2410 si
627 2366 720 2425 aperte
732 2356 852 2412 diceret:
904 2356 1016 2424 seipsum
1029 2355 1109 2408 totius
1122 2369 1176 2408 esse
1190 2363 1213 2407 et
1232 2353 1255 2384 '¹
1267 2352 1400 2406 existentis
1410 2350 1571 2405 substitutor.
1599 2351 1634 2406 m
1652 2369 1698 2406 ne·

63 2438 225 2497 Tantmst
238 2440 346 2498 diuinae
358 2440 487 2498 borritatis
499 2442 634 2513 splendor.
649 2455 678 2500 ut
692 2461 746 2501 non
762 2447 854 2502 imme·
904 2461 953 2515 que
964 2453 1030 2508 erat,
1044 2460 1125 2514 neque
1138 2444 1197 2507 erit,
1209 2458 1288 2512 neque
1303 2441 1449 2510 (natusest,
1464 2457 1546 2512 umas
1559 2442 1601 2510 fit,
1614 2459 1696 2513 neque

63 2531 120 2589 rito
131 2530 283 2590 tulemibus
298 2548 360 2589 eum
375 2535 560 2604 contemplari,
583 2545 611 2591 et
630 2552 683 2592 non
704 2539 855 2596 valentibus
904 2533 960 2606 bet,
979 2535 1061 2604 maqis
1076 2546 1163 2588 autem
1177 2549 1257 2602 nequae
1269 2540 1319 2595 est,
1329 2532 1374 2586 sed
1387 2532 1441 2602 ipse
1452 2542 1489 2588 est
1511 2549 1567 2588 esse
1586 2534 1697 2588 existen·

65 2632 188 2679 uertatur
202 2624 230 2680 io
246 2624 383 2680 tenebras.
410 2623 488 2681 Solus
501 2627 584 2693 eninr,
600 2635 630 2681 ut
642 2630 681 2683 ait
700 2630 853 2701 Apostolus,
905 2629 985 2692 tibus,
1002 2637 1027 2682 et
1048 2644 1100 2682 non
1119 2627 1255 2682 existentia
1277 2625 1371 2689 sulrnn,
1395 2625 1440 2678 aeri
1462 2626 1575 2695 idipsum
1596 2628 1619 2658 ¹¹
1642 2643 1699 2681 oasa

64 2713 267 2770 irrueressibiism
280 2716 395 2785 possidet
414 2715 506 2770 lucerne.
532 2715 562 2771 ln
579 2728 708 2788 quantum
723 2736 785 2776 uero
798 2722 855 2777 lon·
904 2719 1068 2773 existentiam
1081 2733 1114 2772 ea
1125 2727 1185 2772 unte
1204 2717 1370 2772 aeternaliter
1389 2720 1524 2774 existente.
1549 2720 1608 2789 ipse
1628 2720 1698 2773 carim

63 2802 125 2877 gius
136 2806 202 2862 ordo
220 2820 312 2861 rerum
326 2804 450 2862 deorsum
466 2807 614 2876 descendit,
628 2810 656 2864 in
672 2819 776 2866 tantam
788 2827 853 2868 con·
904 2819 942 2863 est
960 2806 1077 2863 manium
1096 2806 1254 2871 seculorum,
1276 2809 1416 2862 subsistens
1437 2818 1498 2863 aute
1516 2807 1615 2873 secula,
1634 2809 1698 2878 qnia

52 2893 250 2967 ,templanuum
263 2897 401 2953 obtutibus
421 2895 590 2954 manifestius
611 2914 640 2954 se
662 2902 758 2971 operit.
781 2901 855 2957 ideo-
906 2897 1024 2950 omnibus
1034 2895 1203 2951 existentibus
1213 2906 1237 2950 et
1246 2896 1339 2950 seculis
1351 2914 1406 2951 esre
1415 2914 1447 2952 ea
1457 2898 1605 2967 providente
1614 2909 1661 2963 ert,
1672 2907 1698 2952 et

64 2986 141 3056 quel
162 2987 266 3043 lormae
285 3003 317 3044 ac
334 2989 538 3061 speeiesrerum
552 2991 719 3048 sensibilium
742 2992 855 3048 manile·
905 3005 980 3043 unane
993 2987 1414 3060 quidemreeuinmettenpnseu
1430 2989 1486 3058 ipso
1505 2990 1586 3043 totius
1604 2988 1695 3053 seculi,

64 3078 249 3135 scissimarum
261 3081 484 3151 theophaniarum
501 3083 513 3114 ⁸
532 3098 628 3139 nomen
643 3085 787 3157 accipiam.
811 3086 856 3141 ttt-
905 3088 930 3134 et
941 3079 1074 3147 temperis,
1088 3087 1113 3133 et
1128 3079 1212 3134 omnis
1224 3087 1354 3149 utrunque
1364 3079 1509 3144 existentis,
1520 3079 1566 3150 qui
1584 3090 1622 3134 en
1636 3089 1697 3134 ante

64 3170 130 3225 uina
145 3170 227 3242 igitur
237 3171 352 3240 bonitas,
365 3189 434 3245 quae
453 3183 594 3246 propterca
608 3178 720 3232 nibilum
745 3179 853 3245 dicitur,
905 3171 992 3228 narnia
1005 3171 1029 3203 ¹⁸
1039 3167 1076 3238 ὅν,
1088 3170 1242 3242 principium
1254 3180 1278 3225 et
1288 3179 1409 3235 canumet
1421 3170 1510 3224 amnia
1521 3170 1605 3239 ipsum
1615 3170 1699 3239 paris·

63 3265 195 3332 quonlam
210 3261 280 3318 ultra
292 3263 392 3330 omnia,
412 3278 482 3335 qnae
495 3274 599 3321 suntet
612 3282 682 3337 quae
701 3284 754 3324 non
781 3279 854 3338 sunt,
868 3248 891 3314 C
906 3261 1004 3332 cipaut,
1015 3270 1065 3317 eta
1079 3259 1151 3316 anilo
1161 3260 1326 3316 existentium
1345 3259 1452 3325 recedit,
1472 3268 1497 3314 et
1519 3260 1573 3329 ipse
1586 3267 1697 3314 mturare

51 3355 94 3409 .in
116 3353 188 3410 nulla
209 3357 326 3417 essentia
345 3357 500 3424 invonitur,
514 3375 547 3416 ox
569 3361 711 3432 neqatione
735 3364 855 3418 omnium
905 3353 1004 3416 omitia·
1026 3360 1050 3407 el
1071 3352 1159 3406 mnia
1180 3350 1424 3414 intelletibilis·
1453 3359 1478 3403 et
1499 3347 1652 3418 ‘imbuisti'
1673 3351 1698 3405 ’ἰ

51 3445 248 3500 ‚essentiarum
273 3445 299 3499 tn
325 3445 526 3505 affirmationem
560 3449 641 3505 totius
673 3452 856 3508 atriensium
875 3445 966 3541 ‚itii
980 3443 1003 3475 ¹⁸
1016 3443 1232 3513 airammum
1250 3440 1455 3504 amatunam,
1468 3449 1549 3503 arua,
1563 3448 1587 3496 el
1600 3440 1698 3495 intelli·

62 3534 202 3591 essentiae
214 3549 230 3588 a
244 3535 344 3606 seipsa
357 3536 523 3608 inteipsam
544 3540 693 3606 descendit,
713 3540 795 3603 saluti
820 3557 854 3599 ex
904 3536 985 3607 qitur,
998 3543 1022 3590 et
1040 3534 1166 3590 saluatur.
1189 3531 1224 3587 lit
1235 3532 1314 3602 paulo
1329 3540 1389 3602 post
1401 3531 1615 3602 primordialium
1628 3546 1695 3589 cau-

61 3630 151 3689 nibilo
159 3629 349 3702 taurinatum
359 3631 615 3690 inessentialitarein
625 3632 855 3705 marabutinorum,
865 3674 872 3697 -.
897 3640 997 3713 ‚aarum
1021 3624 1236 3695 explanationem
1260 3623 1350 3688 addit,
1379 3624 1494 3679 dicens:
1517 3622 1583 3678 Esse
1609 3632 1696 3677 autent

52 3739 98 3781 ,οι
113 3723 280 3780 informitate
298 3724 326 3779 in
350 3725 450 3782 forman
470 3726 680 3783 innumerabiles
703 3728 853 3797 aspectos,
904 3715 990 3788 ipsum
1001 3716 1168 3770 existentibus
1180 3715 1299 3770 ananibas
1311 3729 1444 3783 nunqraam
1456 3714 1592 3774 timentur,
1606 3714 1693 3782 ipsum

60 3814 157 3871 Prima
177 3813 187 3845 ⁹
205 3814 338 3886 mquidem
353 3815 437 3885 ipsius
451 3817 603 3886 progressio
622 3818 648 3872 in
665 3817 856 3888 primordiales
905 3820 967 3863 Μ
975 3821 1031 3861 “⁸⁶
1041 3821 1075 3859 θῶ
1086 3813 1146 3861 02⁸⁶
1155 3806 1288 3869 ‘menies
1300 3816 1322 3856 θ’
1336 3803 1368 3856 ⁰⁶
1383 3804 1439 3872 l'tlw
1451 3812 1488 3856 ιδ’
1501 3818 1567 3897 ‘³⁸⁰3
1584 3811 1608 3883 at
1620 3803 1695 3871 prin-

51 3920 164 3963 ΝΜ
179 3905 211 3974 ιο,
233 3905 261 3961 jn
283 3907 382 3977 quibus
404 3908 443 3975 pr,
469 3908 553 3964 qepun
578 3908 700 3966 informis
723 3911 855 3983 quaedam
905 3895 1010 3966 alpium,
1026 3902 1050 3948 et
1061 3908 1184 3948 mensura
1201 3901 1261 3946 ante
1280 3892 1417 3946 essentiam
1426 3888 1496 3979 Uli,
1518 3901 1543 3945 et
1562 3870 1619 3949 fin
1642 3893 1697 3961 ipsa

61 3995 180 4052 mteria
193 4009 209 4051 a
221 3993 360 4067 Scriptura
374 3995 485 4064 dicitur:
511 3999 625 4055 materia
647 4001 764 4070 quidem,
792 4002 855 4072 qaia
904 4001 969 4051 ⁶⁸⁸⁶,
982 3994 1005 4038 et
1020 4000 1079 4039 illm
1089 3984 1164 4037 babet
1178 4000 1242 4048 ⁶⁸⁸2,
1256 3994 1280 4039 et
1289 3981 1327 4048 iu,
1338 3980 1516 4051 cimelii·
1531 3994 1555 4040 θ*
1565 3982 1656 4048 iiiiii»
1669 3991 1696 4039 d

61 4082 175 4142 tainum
186 4086 262 4140 est¹¹
276 4086 412 4142 essentiae
432 4101 533 4151 rerum,
553 4086 677 4144 inlormis
693 4104 768 4156 vero,
791 4088 855 4160 quia
905 4075 1021 4130 omnium
1041 4073 1249 4144 substantificum
1270 4075 1446 4146 principium,
1469 4086 1494 4130 et
1513 4076 1695 4164 mariamnes
1728 4138 1741 4165 Ι.

62 4171 226 4253 informitati
241 4175 349 4232 diuinae
369 4177 516 4246 sapientiae
535 4178 657 4248 proxima
678 4187 731 4236 ομ,
758 4181 854 4236 Divina
905 4167 1104 4221 consummatio.
1124 4164 1159 4220 lit
1177 4176 1313 4237 propterea
1324 4166 1356 4221 ab
1372 4166 1480 4239 eloquiis
1492 4167 1546 4234 ipse
1561 4182 1617 4225 aere
1635 4175 1697 4218 anta
1716 4150 1737 4189 ‘

62 4274 159 4323 ,utem
267 4267 304 4322 qa
319 4266 441 4324 informis
461 4277 535 4325 recle
559 4270 580 4304 n
603 4270 711 4336 dicitur,
734 4271 797 4340 quja
820 4273 854 4328 ad
905 4253 932 4312 iu
954 4255 1034 4324 juxta
1052 4271 1155 4309 omnem
1173 4254 1339 4310 existentium
1358 4254 1556 4324 intelliqentiam
1571 4252 1697 4321 multipli-
1768 4328 1778 4351 ι

53 4348 200 4417 nnttan’
250 4371 293 4413 am
307 4357 473 4429 superiorem
487 4360 563 4416 seed
577 4358 765 4416 formationem
778 4376 853 4416 suam
906 4354 990 4400 “1⁸¹⁴'-
1011 4343 1045 4397 Et
1063 4344 1132 4414 (ΝΜ
1146 4345 1240 4398 eratin
1256 4345 1322 4413 l't’w,
1337 4345 1500 4414 citimi·
1513 4351 1536 4396 θ’
1548 4341 1617 4411 (11404
1634 4341 1693 4407 “ib

61 4449 248 4519 currentum
264 4458 307 4509 cst
324 4451 395 4506 enim
406 4451 526 4507 omniurn
547 4452 695 4508 formarum
719 4451 854 4508 inlinitum
905 4446 929 4493 ²⁸
946 4436 1015 4507 quau
1037 4434 1136 4503 [artam
1153 4444 1200 4498 0⁸²2
1220 4443 1244 4488 0⁸
1264 4433 1304 4501 fil,
1324 4442 1348 4489 θ’
1363 4432 1419 4503 Μ,
1436 4433 1540 4503 limitie
1558 4430 1694 4486 lambit·

60 4538 235 4685 οςἭ
246 4548 277 4597 ar
292 4540 355 4595 dum
368 4540 506 4596 descendit
519 4541 546 4596 5„
568 4542 688 4598 diversas
708 4542 854 4598 visibilium
907 4524 979 4580 ilaec
993 4525 1062 4578 enim
1080 4522 1167 4577 omnia
1189 4521 1312 4576 diuinitus
1329 4520 1531 4599 intelligentibus
1551 4519 1695 4574 seeundum

58 4636 93 4690 et
103 4626 135 4685 in
235 4642 281 4683 um
293 4626 406 4695 formas,
422 4628 455 4683 ad
468 4643 497 4684 se
511 4629 596 4699 ipsam
608 4630 690 4685 veluti
703 4630 737 4685 ad
752 4629 852 4686 torma.
867 4596 892 4657 D
905 4639 1006 4679 omnem
1016 4622 1041 4654 ¹⁸
1054 4619 1267 4691 aacoqtratiaaaa
1277 4616 1361 4687 ipsum
1373 4614 1624 4688 superessentialiter
1638 4630 1694 4668 esse

58 4720 166 4780 mern
187 4732 264 4776 mutu
277 4717 396 4789 moluit.
420 4716 537 4774 Proinde
549 4719 638 4775 (lirina
652 4720 758 4776 bonitas
771 4735 852 4790 super
903 4715 1060 4786 siqnifirant,
1078 4722 1102 4767 et
1117 4711 1211 4781 abique
1230 4709 1396 4763 existentiam
1419 4706 1562 4762 causalem.
1589 4703 1694 4759 Eteninr

58 4807 338 4869 omniscoasideaata
349 4806 449 4865 dicitur
460 4822 514 4864 non
526 4823 595 4875 esse,
614 4818 642 4865 et
662 4789 850 4866 omrrinorrilril
903 4820 984 4876 neque
995 4802 1099 4873 quidem
1114 4810 1152 4855 est
1169 4801 1228 4865 bae,
1251 4798 1299 4852 noa
1319 4806 1406 4852 autern
1426 4812 1477 4850 non
1495 4804 1545 4861 est,
1561 4810 1642 4866 neque
1658 4794 1694 4849 ibi

59 4916 139 4970 esse,
151 4901 180 4959 in
195 4900 321 4959 omnibus
333 4915 398 4957 rero
408 4909 437 4957 et
447 4906 490 4957 ost
504 4899 526 4933 ¹⁸
539 4906 567 4957 et
579 4900 678 4957 dicitur
696 4914 765 4967 esse,
780 4916 848 4972 qno-
901 4895 1005 4968 qnidam
1015 4903 1063 4958 est,
1074 4892 1110 4946 ibi
1124 4899 1269 4946 autemnon
1279 4897 1332 4953 est,·
1346 4887 1392 4942 sed
1406 4887 1553 4950 omnia'est,
1562 4894 1587 4940 at
1600 4901 1696 4939 rassa-

62 4999 142 5055 nien
155 4997 244 5055 totins
254 4996 437 5053 universitatis
448 4996 564 5053 ee÷sentia
578 5004 629 5061 cst,
645 5004 672 5051 et
690 4995 848 5060 substantia,
901 4979 1538 5052 iisomnt'nm,etinipsoonmiaprincipia,omnes
1551 4975 1694 5031 cunclusio-

57 5100 198 5164 σιμ,
215 5098 243 5145 et
254 5088 368 5160 speeies,
386 5095 424 5143 et.
433 5087 558 5157 qualitas,
569 5094 597 5141 et
609 5085 745 5156 quamtum
768 5086 801 5151 ¹⁸,
822 5094 850 5140 nt
901 5092 956 5142 nes,
967 5075 1055 5128 omnia
1063 5072 1199 5127 existerttia
1209 5070 1367 5133 coantbiens,
1378 5077 1403 5123 et
1408 5068 1543 5138 perlibens
1554 5066 1595 5131 '⁸,
1609 5077 1632 5120 et
1647 5082 1693 5119 su·

56 5178 186 5239 mnium
204 5179 310 5251 oopula,
335 5185 362 5233 et
381 5176 459 5242 situs,
482 5183 509 5231 et
524 5175 641 5241 habitus,
665 5182 693 5231 ct
715 5172 800 5240 loeus,
822 5182 850 5229 er
901 5181 947 5236 per
956 5164 1096 5227 omniaeat,
1105 5158 1294 5215 utaateamnia
1306 5154 1555 5228 superessentialiter
1564 5169 1642 5223 super
1653 5151 1691 5208 ia.

58 5278 181 5341 tempus,
193 5277 222 5325 et
232 5267 314 5335 aetio,
327 5273 354 5322 et
366 5265 464 5336 passio,
481 5270 508 5321 et
520 5278 609 5330 omne,
630 5262 807 5333 quodcunque
821 5261 849 5317 in
937 5254 983 5310 bb.
999 5251 1128 5322 Quisquis
1138 5252 1234 5307 borum
1248 5246 1531 5319 verborumgvirtutem
1545 5256 1689 5315 perspexe-

695 5375 822 5434 tauma
852 5371 1052 5431 Lectiones.
1085 5374 1088 5380 '

98 5496 226 5553 ¹Arum.
267 5490 589 5549 ’Proarentisnnmltis
628 5488 813 5544 ⁸Ainuenitur
832 5487 860 5541 in
885 5483 1014 5539 omnibus.
1053 5480 1204 5537 ‘inomni
1253 5479 1384 5547 'corpora
1403 5472 1504 5531 amb.
1542 5467 1691 5552 ‘boccal-

55 5580 116 5626 ω.
156 5561 296 5619 'aliea
332 5561 630 5630 'dmoniiestissimam
655 5558 844 5628 theophaniam.
881 5553 932 5606 ’in
952 5551 1163 5607 essentialitatem
1173 5510 1311 5603 -Ἒήηια
1326 5561 1380 5600 orn.
1397 5545 1432 5599 Α.
1464 5541 1558 5626 ‘¹'Pr0
1576 5554 1691 5608 premor·

53 5637 150 5697 diates
228 5633 347 5688 antea.
387 5629 620 5687 ¹¹llestinitinm.
659 5628 764 5681 ”recte
784 5640 838 5680 om.
855 5625 887 5679 tt.
926 5620 1014 5676 ¹'Pro
1035 5631 1060 5676 et
1078 5629 1114 5675 est
1137 5621 1235 5674 nesse.
1274 5614 1365 5669 ¹‘Aet
1379 5620 1549 5697 quantitasne
1566 5608 1690 5692 qualitas.

52 5708 122 5764 ”A
253 5742 260 5757 .
301 5701 394 5785 ¹‘ipse
413 5702 621 5771 Dionysinsom.
639 5698 669 5750 n.
713 5695 934 5765 ”stamparum
975 5689 1097 5760 ¹⁸ani.
1137 5685 1469 5745 ¹·naecatorammmur.
1511 5680 1690 5750 ”Asetpsm

41 5771 247 5835 ⁸⁸02an
273 5772 442 5843 f’dtpsum.
480 5766 713 5824 nortmanni.
748 5765 921 5835 '‘nsiqnis.
958 5758 1154 5815 ''Conrniam
1194 5753 1431 5811 '‘Coraebabens.
1509 5838 1522 5851 ..

1807 5130 1838 5181 ff

1776 5478 1789 5509 β,
