3984 6534
1024 358 1237 417 rtrtrohttttttt.

666 479 779 533 Condite
794 492 861 549 praa
874 477 953 546 poto,
969 491 1063 533 saccos
1083 486 1198 533 varrrntc
1210 490 1352 545 gazarum,

665 548 733 603 huia
749 558 822 603 tenet
833 546 933 603 Christi
947 546 1084 602 Christum
1099 548 1127 601 in
1137 554 1246 617 pectore
1257 544 1379 603 etanta.-

1005 640 1044 695 De
1064 640 1135 712 palla
1155 638 1253 710 puella.

665 738 718 793 hae
729 752 872 819 nunquam
884 776 892 797 .
906 749 1016 820 semper
1027 735 1182 807 promittis,
1198 734 1292 803 Gttla,
1308 734 1433 807 roganti·

707 807 736 863 Sr
750 821 857 877 seu-per
869 806 952 872 iallrs,
962 822 1018 877 pant
1032 820 1106 875 rupo,
1120 804 1206 870 Galla,
1221 820 1298 877 nega.

1037 898 1075 953 Dr
1106 900 1214 969 tirtepso.

666 998 756 1064 Turpe
767 1011 859 1067 pectre,
874 998 979 1064 inutile,
996 1006 1083 1068 turpe,
1097 996 1156 1052 siue.
1168 996 1289 1066 gmmine
1303 1009 1385 1066 capus

712 1067 746 1122 ht
759 1067 819 1152 sinte
829 1066 925 1125 ironde
937 1068 1039 1135 frutex,
1050 1075 1079 1123 et
1092 1066 1153 1122 sine
1168 1066 1244 1121 crine
1257 1074 1346 1137 eaput.

1039 1162 1080 1215 Ad
1107 1159 1216 1215 einana.

668 1258 718 1315 iiic
732 1256 809 1324 mihi,
823 1257 878 1323 die,
891 1257 976 1324 ebrie,
987 1256 1056 1312 viris
1071 1271 1106 1312 an
1119 1265 1208 1311 morte
1219 1254 1363 1324 gravans?

666 1328 787 1383 Pallidus
801 1342 865 1383 ecce
877 1326 964 1397 jaces,
978 1340 1043 1383 ecce
1055 1327 1116 1381 sine
1128 1333 1219 1381 mente
1230 1324 1348 1394 quiescis
1360 1340 1369 1391 ;

665 1398 724 1454 Non
738 1398 820 1462 hona,
837 1411 890 1452 non
905 1398 986 1461 urata,
1001 1410 1054 1451 non
1069 1395 1147 1461 dura,
1161 1409 1215 1450 non
1228 1393 1319 1449 mollia
1329 1392 1424 1450 sentis.

663 1468 721 1522 ttae
735 1476 839 1522 tantum
854 1468 939 1520 distas
954 1464 1028 1519 alati
1042 1473 1115 1520 sorte
1129 1462 1245 1533 sepulti,

666 1537 744 1605 Quod
759 1536 847 1593 tennis
860 1535 975 1591 miseros
987 1533 1134 1605 subpungit
1151 1532 1285 1588 euthalius
1297 1539 1382 1589 artus.

1065 1627 1104 1683 lte
1125 1628 1193 1682 rina.

664 1726 689 1781 tt
698 1740 777 1797 ugnus
793 1732 833 1788 tu,
851 1723 966 1791 Brccirr,
981 1736 1078 1793 magna
1093 1730 1137 1776 tua
1151 1722 1237 1776 rirtns
1252 1721 1370 1791 ubique,

667 1796 768 1851 Contra
783 1804 809 1849 te
822 1803 958 1850 certantes
973 1802 1002 1847 tu
1017 1806 1123 1863 semper
1136 1792 1255 1862 palmam
1268 1791 1373 1847 levasti.

351 1927 486 1991 loannis
502 1924 587 1988 Secti
608 1940 716 1984 orrens
731 1918 767 1979 de
782 1918 814 1981 S.
831 1917 974 1979 ltluainto
999 1933 1018 1978 e
1038 1914 1149 1977 codice
1172 1913 1408 1993 armamentarii
1431 1913 1515 1976 eruit
1537 1912 1581 1976 ht.
1598 1914 1633 1977 F.
1649 1914 1842 1980 Raraisson.
1860 1917 1946 1993 Quos

310 2049 345 2111 in
361 2049 457 2133 libro,
477 2047 530 2110 cui
551 2044 664 2108 titulus
679 2063 686 2102 :
703 2042 865 2119 Rapports
884 2044 945 2100 cet.
962 2056 994 2117 p.
1010 2036 1156 2107 356-3118,
1173 2035 1277 2098 editos
1296 2052 1383 2099 nuuc
1397 2034 1609 2098 reddidimus.
1626 2032 1733 2098 Codex
1757 2035 1870 2116 qualis
1894 2038 1944 2111 sit,

311 2167 417 2228 editor
432 2182 498 2228 non
514 2161 679 2225 indicavit.

351 2283 612 2355 Versustoannis
624 2279 710 2345 Scoti
722 2290 847 2343 exstare
863 2281 898 2340 tu
912 2279 983 2341 aad.
995 2275 1260 2340 ms.Benedt'ctino
1272 2276 1647 2357 aputeuntatripienrer,
1657 2283 1795 2343 testatur
1806 2278 1946 2343 Thomas

310 2406 387 2470 Galo
412 2405 446 2465 in
474 2401 669 2481 praefatione
695 2400 736 2459 ad
754 2398 906 2460 libranda
923 2399 1077 2461 diuisione
1093 2397 1244 2462 Naturae.
1263 2400 1328 2462 Nec
1350 2399 1485 2462 dubium
1510 2404 1569 2473 est,
1591 2400 1671 2480 quin
1696 2399 1725 2462 is
1748 2399 1947 2465 intellexerit

312 2519 442 2581 eosdem
467 2531 601 2586 versus,
628 2530 711 2593 quos
728 2513 841 2577 beatus
868 2515 912 2605 li'⁸
930 2511 1049 2577 Oehler
1074 2520 1149 2579 ante
1178 2514 1238 2599 hos
1266 2516 1334 2579 tare
1362 2517 1473 2581 decem
1500 2533 1603 2583 annos
1631 2521 1801 2602 descripsit
1827 2541 1845 2586 e
1876 2525 1945 2588 cod.

237 2664 243 2673 ·
312 2634 496 2714 Cantabrig.
523 2631 651 2711 collegii
676 2631 771 2712 Corp.
788 2633 905 2696 Christi
929 2633 967 2694 Νο
980 2632 1040 2695 223
1057 2632 1160 2697 seculi
1178 2634 1235 2700 tx.
1255 2635 1355 2716 Cujus
1372 2636 1510 2717 copiam,
1535 2638 1595 2701 etsi
1616 2638 1747 2703 tratrem
1772 2640 1946 2708 haeredem

315 2730 490 2819 tdantidcm
507 2768 682 2832 rogassent,
696 2753 733 2811 ut
748 2748 829 2811 mihi
843 2749 876 2811 in
888 2765 985 2812 usum
1003 2748 1102 2832 hujus
1120 2748 1271 2813 editionis
1285 2751 1487 2828 concederet,
1498 2768 1563 2815 non
1578 2754 1718 2833 obtinui,
1728 2760 1796 2821 imo
1814 2778 1948 2842 respon-

313 2895 385 2941 sum
403 2875 528 2940 nullum
544 2876 665 2955 accepi.
681 2878 792 2958 Neque
802 2878 1082 2958 Cantabrigianses
1099 2878 1290 2955 rotis'meis,
1307 2886 1342 2942 ut
1356 2895 1483 2943 carmen
1498 2879 1532 2941 in
1547 2895 1640 2942 usum
1656 2896 1764 2942 meum
1779 2879 1948 2946 describo-

196 2986 201 2996 ’
317 3008 414 3064 retur.
430 2997 574 3062 obsecuti
591 2997 803 3072 sunt-Quare
821 2998 925 3062 solum
944 2998 1096 3062 carminis
1110 2998 1219 3072 tinem,
1234 3014 1331 3077 quem
1345 2998 1383 3059 tr
1397 2996 1516 3060 Oebter
1531 2998 1948 3065 cumumicocommunica·

316 3131 413 3202 terat,
429 3124 523 3187 edero
543 3122 643 3202 potui.
659 3119 789 3183 constat
804 3120 875 3199 ipso
891 3127 972 3185 tcste
996 3138 1125 3186 carmen
1145 3122 1327 3201 argumenti
1346 3121 1676 3201 dogmatico-ascetici
1699 3120 1851 3185 rensibus
1872 3125 1940 3186 tot.

357 3246 466 3307 i'errrts
485 3241 520 3302 rte
535 3242 568 3301 S.
585 3240 738 3318 Dionysio
753 3238 848 3299 initio
871 3245 903 3302 ct
917 3240 951 3301 in
968 3241 1032 3302 tino
1046 3239 1205 3302 versionis
1222 3255 1355 3320 operum
1374 3241 1444 3322 eJus
1463 3243 1679 3322 reperiuntur.
1703 3243 1824 3307 Pariter
1840 3262 1947 3306 aerem

316 3371 468 3446 quattuor
492 3362 587 3425 initio
612 3357 688 3421 libri
712 3354 753 3419 de
778 3353 1076 3419 Prucdestinatione
1103 3363 1284 3421 occurrunt.
1309 3359 1395 3421 Duos
1418 3377 1526 3422 aaran
1552 3378 1571 3424 e
1593 3360 1702 3424 codice
1730 3360 1946 3425 bibliothecae

313 3480 664 3565 RegiaeernitCottst‘n,
675 3480 858 3560 Frapmentr
881 3478 1149 3559 philosophicum,
1176 3480 1263 3543 Tem.
1279 3480 1336 3542 111
1351 3480 1493 3562 append.
1510 3499 1542 3561 p.
1558 3482 1629 3543 aab.
1646 3481 1736 3555 Quos
1754 3479 1838 3542 intra
1854 3480 1949 3543 addi-

317 3605 436 3669 dimus.
453 3604 516 3666 hlii
533 3619 657 3678 versus,
675 3600 733 3683 qui
750 3599 867 3663 ioanni
887 3600 982 3663 Scoto
996 3597 1166 3663 tribuenda
1184 3617 1256 3665 esse
1280 3601 1483 3677 ridebantur,
1502 3617 1598 3681 supra
1614 3604 1628 3676 t
1644 3600 1680 3660 11
1701 3596 1946 3677 adscripsimus.

358 3720 523 3785 Accedunt
538 3719 673 3782 loannis
696 3718 781 3781 Secti
795 3717 900 3798 praeci
915 3735 1022 3779 acrem
1038 3716 1192 3798 incompti
1208 3725 1239 3783 et
1254 3718 1390 3795 horridi,
1408 3718 1465 3800 qni
1490 3718 1632 3781 ecodice
1648 3719 1680 3780 S.
1697 3716 1849 3779 Germani
1875 3733 1948 3797 pro·

314 3840 443 3904 dierunt
458 3838 560 3904 literis
576 3836 757 3902 uncialibus
773 3854 838 3900 una
856 3853 928 3901 cum
945 3836 1063 3918 glossis
1079 3839 1185 3901 latinis
1200 3839 1233 3902 in
1249 3838 1449 3921 Praetutium
1462 3837 1504 3899 ud
1518 3837 1553 3899 C.
1570 3834 1867 3914 labbei'ptosruria.
1884 3832 1947 3910 Qui

317 3963 377 4025 etsi
390 3968 452 4024 tarn
466 3957 607 4039 corrupti
619 3957 695 4032 sint,
708 3961 742 4019 ut
758 3957 831 4035 ipso
846 3955 971 4037 hngelo
983 3957 1048 4019 idai
1064 3957 1215 4019 testati.
1231 3977 1262 4039 p.
1275 3958 1333 4022 tet
1345 3958 1451 4022 sanari
1463 3957 1516 4021 vix
1532 3972 1626 4036 posse
1645 3954 1828 4029 videantur,
1839 3960 1946 4017 tannen

316 4084 350 4144 iu
362 4082 404 4144 iis
415 4077 626 4144 curandandis
641 4095 678 4141 ac
694 4079 880 4157 reparandis
893 4096 960 4145 non
976 4081 1049 4146 sine
1063 4080 1171 4145 fructu
1184 4083 1280 4146 nobis
1294 4084 1456 4147 laborasse
1472 4080 1630 4145 ridemur.
1641 4076 1747 4150 Quare
1761 4075 1785 4137 ii
1803 4056 1948 4155 castigati

316 4200 370 4263 bic
387 4199 496 4262 denuo
515 4196 666 4262 eduntur.
689 4196 841 4263 codicem
862 4201 893 4263 S.
910 4201 1061 4265 Germani
1078 4201 1112 4266 in
1135 4201 1330 4267 bibliotheca
1347 4202 1446 4283 Regia
1459 4196 1633 4264 Parisiensi
1651 4191 1767 4259 trustra
1787 4195 1945 4274 quaesiti.

356 4320 442 4384 Casu
464 4319 498 4383 in
512 4336 628 4383 manus
643 4337 729 4386 meas
745 4324 834 4387 venit
849 4342 977 4389 carmen
993 4341 1157 4404 maecum,
1169 4324 1272 4389 literis
1284 4323 1392 4387 latinis
1407 4320 1509 4386 seculi
1524 4320 1570 4382 tx
1585 4327 1761 4395 exoratum,
1773 4321 1945 4401 adscriptis

318 4438 436 4529 glossis
465 4437 584 4502 latinis.
612 4438 705 4514 Quod
720 4444 830 4522 ‘quum
853 4443 1006 4533 ante'hos
1024 4443 1171 4523 quinque
1195 4457 1297 4504 annos
1320 4442 1357 4503 Ι)Ι
1382 4442 1426 4504 tt.
1452 4440 1487 4503 G.
1505 4441 1540 4501 B.
1564 4438 1648 4502 Bcclt
1671 4457 1702 4500 v.
1727 4439 1768 4501 cl.
1792 4456 1810 4501 e
1836 4439 1947 4502 codice

316 4559 534 4624 bibliothecae
544 4559 769 4660 burgundicae
781 4561 1005 4626 Bruxellensts
1020 4560 1215 4640 descriptum
1232 4560 1383 4625 Lerschio
1395 4565 1504 4624 nostro
1517 4560 1617 4624 cheul
1635 4568 1834 4643 praematuro
1846 4568 1947 4627 uranu

319 4665 415 4745 nohis
430 4688 540 4761 erepto
566 4681 719 4757 misisset,
739 4691 775 4746 ut
794 4684 934 4764 primum
955 4682 1246 4766 inspexrpteunnis
1269 4684 1353 4748 Saoti
1383 4700 1494 4747 torsus
1515 4700 1587 4746 esse
1610 4684 1757 4762 cognovi.
1784 4683 1946 4760 codicem,

321 4820 427 4885 nuper
442 4818 515 4864 cum
532 4800 692 4865 Bruxellis
714 4822 870 4882 versarer,
896 4809 929 4872 in
945 4810 1113 4874 Franciam
1131 4806 1463 4888 missum,'·inspicere
1486 4818 1551 4869 non
1570 4805 1673 4884 potui.
1696 4806 1752 4867 Est
1774 4821 1852 4869 tero
1875 4805 1946 4870 cod.

320 4896 546 5011 t0078-ibbbtr,
560 4921 751 4999 membran,
768 4922 838 4997 ioh,
856 4924 959 4988 seculi
974 4927 1045 4988 xil.
1062 4926 1276 4989 Continentur
1293 4941 1331 4988 co
1348 4923 1522 5004 Virpitiann
1543 4920 1704 5001 Futpentii
1726 4926 1757 4983 et
1775 4919 1898 4999 ptosrae
1913 4919 1949 4982 de

323 5050 478 5113 obstrusis
493 5043 761 5137 sermocinante
777 5042 898 5122 quibus
916 5043 1034 5120 glossis
1060 5049 1091 5105 ct
1107 5044 1205 5105 hosce
1219 5060 1342 5117 tersus,
1359 5044 1391 5106 in
1415 5041 1569 5106 ltonorcrn
1588 5042 1619 5103 S.
1644 5042 1795 5121 Dionysii
1818 5057 1949 5119 eompu-

321 5173 413 5245 sitos,
430 5168 593 5232 numerari
611 5164 769 5245 suspicor.
1799 5149 1824 5186 ⁹

360 5298 374 5369 t
390 5293 438 5354 to.
453 5291 563 5393 Nuper
577 5286 742 5368 pollicitus
757 5292 804 5349 est
818 5287 857 5348 D.
871 5287 955 5350 Pitra
971 5304 1000 5349 t.
1018 5286 1071 5360 ch,
1091 5286 1254 5367 Spicilegii
1269 5287 1482 5354 Solesmansis
1511 5291 1599 5356 Tom.
1619 5294 1646 5355 ll
1662 5312 1697 5357 se
1713 5295 1845 5359 loannis
1861 5297 1946 5361 Scotr

321 5421 557 5518 commentarios
579 5414 612 5471 r'n
636 5411 832 5473 Martianrnn
860 5410 1017 5491 Capellam
1040 5410 1275 5490 ordinaturum.
1307 5413 1397 5488 Quos
1420 5413 1515 5479 doleo
1546 5419 1690 5482 nondum
1711 5426 1944 5501 comparuisse.

321 5540 510 5623 Nuperrime
524 5555 625 5621 quum
644 5536 774 5599 Parisiis
789 5536 950 5613 versabar,
972 5537 1007 5603 in
1024 5536 1135 5603 codice
1157 5556 1218 5603 ms.
1237 5540 1268 5602 S.
1285 5541 1437 5603 Germani
1461 5544 1549 5617 1110,
1568 5543 1644 5606 olim
1668 5543 1738 5617 589,
1755 5546 1947 5626 membran,

323 5662 383 5725 hos
397 5662 642 5727 commentarios
658 5656 821 5720 detexisse
832 5656 910 5719 mihi
924 5656 1043 5722 ridear.
1060 5659 1124 5725 Nec
1135 5658 1352 5724 tamenotium
1366 5661 1444 5725 milti
1459 5663 1650 5744 suppetebat
1661 5662 1934 5731 cosdoscribendi

324 5786 429 5858 Quare
443 5786 577 5870 blitea
588 5783 690 5849 litoris
699 5800 756 5865 por
766 5780 1104 5871 manuslrcdemptoris
1115 5782 1212 5865 hujus
1227 5782 1436 5873 tibritrartitis
1447 5804 1547 5867 quum
1559 5806 1734 5871 rogassem,
1749 5799 1784 5858 ut
1799 5795 1879 5859 milti
1895 5814 1947 5861 co-
