3984 6534
73 484 126 541 trit

501 479 545 535 DE
563 478 733 536 btttsmrte
752 476 928 535 Naturane.
947 509 982 520 -
1000 477 1099 535 tilieti
1119 476 1282 547 Quintus.

1656 430 1707 536 us

10 604 14 621 “
71 615 122 671 per
150 597 297 654 Submotis
323 596 415 653 mundi
440 597 688 654 inhumanationem
708 595 798 651 lutura
818 594 864 661 sit,
881 608 902 666 Α
919 596 1000 651 saliis
1034 598 1147 669 nandique
1180 597 1372 670 complectens,
1405 598 1433 652 in
1468 598 1616 655 summitate
1649 601 1708 655 coni

10 680 16 719 l

72 692 145 747 beati
166 688 310 761 Epiphauii
325 688 507 746 testimonium
522 688 731 757 introduximus,
743 705 866 746 necessa·

70 783 142 838 rium
168 782 303 846 arbitror,
329 782 419 854 magni
440 781 449 812 ¹
475 795 582 852 quoqrrc
605 776 720 855 theologi
744 780 865 855 Gregorii

10 870 16 904 ¹
69 874 238 931 senitentiam
251 873 283 928 de
304 873 398 928 cadoni
421 873 525 928 ratione
554 872 766 928 introducamus.
791 873 864 929 bisc.

67 962 272 1020 Necessarium.
295 962 362 1018 itan
388 968 416 1018 ct
433 962 472 1018 sic
492 964 669 1032 protulerunt,
685 965 735 1020 ’ct
748 964 817 1037 quoa
840 965 867 1023 in

67 1063 115 1101 ore
127 1047 242 1100 detortam
255 1047 407 1100 idoneorum
420 1044 526 1100 testitum
540 1046 719 1112 constituitur,
728 1049 867 1103 inconcus·

10 1152 14 1175 ¹
64 1156 129 1196 sunt
142 1157 197 1195 esse
211 1138 320 1194 siletur.
337 1136 406 1193 iiam
423 1136 558 1193 vicesimo
570 1139 660 1210 ilaqtrc
675 1147 702 1194 et
726 1132 866 1196 eecuuaio¹

66 1230 190 1302 capitulo
214 1231 347 1286 sermonis
368 1231 400 1285 tle
424 1228 545 1300 imagine
561 1230 711 1302 disputans,
728 1232 799 1302 quod
823 1244 866 1286 re»

66 1325 204 1381 surrectio
216 1338 269 1378 nou
286 1328 390 1378 tautum
415 1338 447 1379 cr
471 1323 672 1395 proculcatione
686 1322 864 1396 scripturae,

68 1425 202 1490 qrrautum
217 1431 250 1471 cx
271 1415 327 1486 tpea
349 1430 440 1471 rerum
467 1417 629 1471 necessitate
652 1425 799 1488 speratur:
815 1414 867 1471 Sul

13 1522 21 1559 ·.
68 1524 121 1562 nou
134 1507 172 1562 sie
185 1515 233 1571 cst,
248 1505 343 1576 iuquit,
366 1505 442 1574 sortis
452 1504 464 1537 ¹
474 1506 589 1574 malitia,
602 1513 630 1560 ut
643 1504 767 1561 lorritatls
782 1505 871 1561 rincat'

10 1619 21 1651 b

10 1807 21 1843 i

67 1597 209 1652 uirtutem:
222 1610 303 1666 neptae
314 1595 384 1649 enim
395 1594 488 1649 melius
500 1610 581 1665 neque
591 1595 763 1664 siupulurius,
775 1592 866 1648 ltocesl

67 1687 224 1758 simplicius,
238 1695 342 1741 nostrae
355 1695 465 1741 naturae
486 1682 674 1751 iacousrtltnm,
690 1685 867 1756 insipientiam

67 1780 141 1844 alico,
153 1792 233 1849 param
247 1776 294 1831 lici
303 1776 443 1846 sapientia.
460 1773 522 1831 Non
533 1774 600 1829 enim
610 1772 733 1846 possibile
744 1782 793 1840 est,
805 1791 867 1829 cau·

10 1900 19 1935 ,-
28 1908 44 1946 Ι
67 1868 187 1924 rersiille
198 1877 275 1938 utque
285 1866 411 1921 mutabile
428 1869 559 1936 potentius
572 1882 627 1922 esse
650 1877 727 1936 atque
749 1864 867 1937 singula·

917 686 1101 742 corrtrrrissuras
1132 687 1237 742 inmittis
1268 688 1396 745 connectit
1408 707 1418 756 ,·
1451 689 1538 761 itaque
1566 690 1709 747 mudum

916 778 1069 850 lippotlresin
1078 780 1120 834 siu
1133 780 1206 851 tieret
1219 778 1299 837 alicui
1312 780 1395 836 uirtus
1410 782 1619 854 transpredismli
1635 799 1709 839 risen«.

916 887 1017 933 staram,
1038 872 1065 924 in
1083 888 1163 943 quam
1174 870 1324 929 encnditm
1339 872 1433 928 umbra
1447 877 1483 939 ¹¹,
1498 873 1604 929 cornino
1618 873 1647 931 ia
1664 872 1709 945 lagg

916 962 985 1015 ntiae
997 971 1101 1029 essct,a
1121 960 1234 1019 leuctris
1257 960 1385 1019 illaesus:
1400 964 1437 1016 sic
1453 963 1568 1017 arbitror
1591 970 1711 1036 oportum

916 1051 993 1104 etiam
1013 1051 1044 1104 tle
1063 1051 1136 1105 nobis
1150 1052 1265 1122 copitarc
1277 1051 1312 1118 ¹⁸,
1330 1054 1393 1124 quia
1408 1063 1573 1109 transeuntes
1592 1053 1711 1123 rtrulititte¹

916 1141 1066 1208 termimum,
1089 1158 1148 1195 cnm
1168 1142 1196 1197 in
1215 1144 1366 1199 srunmitate
1383 1145 1490 1199 rrrrtlrac
1510 1146 1609 1215 peccori
1626 1145 1711 1217 sueri·

916 1238 992 1296 urus,
1016 1230 1109 1284 iterum
1138 1232 1165 1285 in
1191 1231 1289 1286 laciniae
1312 1231 1540 1298 conuersalimur,
1566 1234 1710 1289 secumlant

915 1323 1048 1393 inlinitum
1083 1322 1343 1396 multiplicationem,
1373 1335 1501 1396 qnantum
1531 1326 1566 1379 ad
1593 1324 1710 1385 ntalitiae

917 1430 1078 1479 rrterrsuram,
1099 1414 1226 1468 botrorum
1245 1425 1340 1468 natura
1356 1411 1633 1468 aburrrlartte.1terum
1649 1430 1710 1485 ergo
1796 1411 1799 1416 ’

916 1504 1072 1574 pnrmlisus,
1095 1505 1190 1558 iterum
1214 1521 1290 1558 outae
1313 1503 1379 1558 illud
1402 1503 1519 1575 liguum,
1540 1503 1711 1575 quodetiam

917 1596 984 1652 uitae
998 1608 1034 1652 est
1051 1597 1161 1669 iipnam,
1181 1598 1276 1651 iterum
1296 1596 1417 1666 imaginis
1438 1597 1526 1666 gratia
1546 1604 1571 1650 ct
1588 1595 1712 1667 principii

917 1684 1043 1758 dignitas.
1065 1687 1269 1753 Arrimarlrcrte,
1286 1702 1366 1757 qulam
1381 1685 1495 1741 clareat
1516 1685 1712 1741 rationabiliter

917 1786 944 1833 ct
968 1774 1152 1833 indubitanter
1174 1779 1292 1832 astruit:
1314 1777 1432 1848 primum
1451 1774 1560 1847 quidem
1581 1774 1713 1849 malitiam

919 1887 971 1925 uou
984 1885 1064 1941 posse
1077 1886 1136 1925 esse
1151 1878 1319 1941 perpetuam,
1336 1867 1381 1922 scal
1397 1883 1430 1922 ex
1445 1869 1607 1923 necessitate
1620 1882 1713 1923 rerum

10 1994 21 2031 g
67 1958 310 2030 miracimmum
324 1974 425 2029 semper
441 1956 564 2013 similiter
582 1975 609 2013 re
626 1956 715 2024 balet,
739 1967 817 2028 atquc
837 1957 864 2012 ia
882 1963 903 2023 Β
919 1958 950 2015 ad
967 1970 1070 2015 certum
1087 1959 1231 2015 terminum
1250 1967 1451 2029 perventuram.
1471 1966 1498 2013 et
1514 1958 1676 2028 quaudoque
1687 1954 1713 1990 ¹¹

10 2087 23 2123 „
67 2052 139 2106 bono
151 2050 234 2120 ficum
255 2059 292 2105 cst
306 2050 326 2104 ¹.
343 2047 415 2105 Nam
429 2048 440 2082 ¹
464 2051 581 2105 alirimm
594 2050 697 2122 qrriclem
724 2050 863 2106 consilium
920 2050 1067 2105 desituram
1078 2050 1110 2104 ¹¹.
1123 2048 1532 2120 Sieuimaliriuabonitae,quac
1544 2064 1712 2121 sempernou

11 2180 24 2217 :-
66 2156 172 2211 semper
185 2138 234 2196 ct¹
255 2141 416 2195 immutabile
444 2141 561 2211 sibiprae¹
576 2144 631 2196 se·
652 2141 728 2196 lrairt
741 2155 866 2195 scorrer·
918 2137 1004 2194 solum
1019 2141 1045 2195 in
1067 2140 1155 2206 botris,
1177 2155 1270 2194 uerum
1289 2138 1371 2193 ctiam
1388 2138 1414 2193 iu
1435 2138 1514 2193 malis
1533 2139 1603 2194 bene
1617 2154 1713 2209 opera-

15 2280 25 2303 ,
66 2229 145 2287 sibile
162 2236 249 2285 ntalem
264 2241 369 2286 nostrae
381 2240 490 2286 naturae
506 2244 558 2287 rtou
573 2234 600 2286 in
623 2232 693 2288 malo
712 2233 794 2304 ficum
810 2250 866 2288 ma·
919 2239 971 2297 tur,
993 2241 1102 2287 aeterua
1127 2238 1154 2286 et
1167 2229 1270 2285 infinita
1285 2239 1327 2284 est
1341 2228 1375 2296 ¹¹,
1394 2229 1561 2285 contrarium
1578 2228 1637 2301 ejus
1661 2244 1710 2286 ne·

10 2388 14 2401 ,
67 2330 121 2376 net.
141 2320 217 2387 Qtrorl
238 2321 308 2376 enim
327 2337 427 2392 semper
444 2323 549 2377 cornino
567 2332 702 2390 mouetur,
718 2325 742 2378 si
759 2320 864 2394 pralium

10 2460 24 2493 ,Η
67 2411 103 2464 acl
120 2411 214 2464 iorum
229 2412 420 2481 processionem
431 2411 561 2476 imbuerit,
573 2424 679 2484 propter
689 2413 863 2469 eximietatem

10 2564 23 2587 Η
67 2504 108 2558 rei
127 2502 315 2574 perpulrcmloc
339 2520 473 2575 nunquam
489 2500 588 2559 alcsiuet
608 2507 639 2559 ai
658 2499 725 2576 ipso,
740 2506 786 2578 qui
803 2522 864 2560 sttr-

20 2662 23 2667 .
65 2610 128 2650 sum
141 2602 190 2662 est,
204 2602 301 2651 meniu.
318 2590 380 2649 Non
389 2598 457 2650 enim
471 2597 583 2651 inueniet
594 2598 732 2652 terminum
742 2598 864 2670 quaesiti,

19 2752 24 2761 .
65 2691 113 2761 qni
124 2688 148 2724 ¹¹
160 2689 333 2745 nanciscentis
346 2688 500 2744 stabilitabit
521 2707 634 2760 rinprtam
649 2699 757 2745 motum.
779 2690 827 2747 Sin
843 2691 864 2727 ¹¹

10 2764 22 2835 'J
66 2782 102 2836 acl
115 2780 154 2849 iel,
165 2780 235 2851 parad
250 2780 411 2836 contrarium
422 2788 469 2844 cst,
484 2790 582 2836 neotum
594 2783 615 2814 ¹¹
626 2783 779 2855 sussceperit,
790 2783 833 2838 nli
844 2783 865 2816 ¹¹

10 2880 21 2955 Ἰ
66 2888 174 2928 cursum
188 2871 306 2927 malitiae
331 2874 469 2943 peregerit,
482 2882 506 2927 ct
526 2872 553 2928 in
570 2874 784 2929 srrbllmissirnam
801 2870 867 2930 attali

66 2980 219 3019 nsemuram
230 2964 373 3035 peruenerit
389 2980 398 3019 :
413 2973 475 3018 tunc
485 2965 555 3036 prroal
572 2982 672 3037 scnrper
687 2967 784 3038 impetu
807 2984 866 3022 mo·

10 3101 15 3139 3
65 3064 156 3123 uetur,
170 3055 271 3112 nullum
293 3072 326 3112 ec
352 3063 449 3112 natssra
473 3064 571 3111 stoicam
594 3056 736 3126 irnertiens,
761 3075 820 3113 cum
843 3056 866 3090 ¹¹

10 3144 18 3227 ἰ
65 3149 195 3220 spatium,
207 3147 277 3220 quoti
286 3151 314 3205 in
333 3148 438 3204 malitia
452 3158 500 3216 est,
512 3159 692 3204 transcurram
713 3150 866 3222 succime-

12 3232 17 3246 '
65 3241 185 3296 eundum
197 3242 375 3297 necessitatem
393 3242 427 3297 acl
443 3240 466 3275 ¹¹
481 3241 576 3296 bonum
600 3241 726 3297 conuertit
753 3250 862 3296 motum.

67 3332 142 3388 Nam
163 3332 226 3388 dum
239 3335 343 3390 malitia
367 3336 395 3391 ln
412 3332 546 3405 infinitum
568 3352 618 3389 uon
636 3335 804 3409 progreditur
824 3334 863 3402 ¹¹,
877 3344 900 3407 c
916 3351 968 3391 uon
980 3351 1041 3392 csse
1056 3333 1081 3390 iu
1097 3332 1168 3390 malo
1180 3335 1273 3399 liram,
1283 3349 1331 3389 ucc
1355 3343 1528 3389 uturamessc
1538 3349 1646 3406 scurper
1659 3350 1713 3393 urta

10 3404 13 3439 ⁵
66 3425 118 3481 secl
133 3425 287 3481 necessariis
305 3418 401 3497 finibus
421 3427 658 3498 comprehenditur,
676 3436 863 3498 consequenter

10 3504 18 3527 '¹
66 3517 131 3572 boni
150 3518 281 3572 successio
293 3506 371 3587 finem
393 3517 510 3574 malitiae
531 3518 650 3590 excipiet.
663 3519 700 3574 Ac
716 3518 765 3585 sic,
777 3528 805 3573 ut
823 3517 864 3573 at-

10 3584 19 3615 r

10 3678 21 3709 s

10 3760 25 3803 l

10 3856 28 3895 !t

12 4138 33 4171 ,ἢ

10 4228 31 4255 t

64 3618 139 3662 ctum
148 3615 197 3674 est,
211 3604 416 3679 seraper-mobile
430 3615 535 3662 trustrae
548 3618 657 3663 rantrrrae
671 3608 761 3664 raltimo
776 3625 864 3664 recur-

66 3710 105 3756 ret
124 3700 152 3756 in
167 3700 261 3755 bonam
275 3701 344 3754 uiam
360 3699 394 3767 ¹¹,
407 3698 470 3755 alum
483 3717 516 3754 ca
531 3701 657 3756 irremoria
681 3701 799 3773 priorum
823 3703 864 3757 irt-

65 3790 225 3861 {ellcitutum
236 3788 390 3861 castigatur,
403 3807 434 3844 ne
445 3788 604 3862 inaequales
616 3788 713 3846 recidat
722 3784 754 3846 ¹⁸.
764 3788 864 3847 Rursus

66 3880 210 3954 igiturerll
223 3879 248 3912 ¹¹
263 3880 337 3936 nolis
356 3897 448 3936 cursus
462 3891 490 3936 m
514 3881 597 3947 ionis,
622 3899 652 3937 eo
674 3879 744 3953 quael
766 3880 864 3955 pullus

67 3970 222 4027 necessariis
234 3970 351 4026 malitiae
363 3979 459 4026 natura
473 3968 739 4026 circumterminatur.
750 3966 784 4025 m
794 3974 863 4026 enim

65 4060 232 4137 superiorum
245 4064 322 4134 periti
333 4062 357 4094 ¹¹
376 4061 483 4118 laminis
503 4062 609 4136 qrtialcm
622 4079 723 4118 araurem
734 4063 862 4119 mundum

64 4154 175 4228 plenum
189 4169 245 4209 esse
259 4152 362 4220 dicunt,
372 4152 491 4209 tenclras
506 4171 566 4208 uera
587 4155 748 4225 oppositione
766 4148 862 4209 terreni

62 4242 187 4316 corporis
205 4236 431 4300 obumbrationem
453 4244 521 4313 ficri,
533 4261 613 4316 queram
627 4244 732 4314 quictem
757 4262 773 4298 a
797 4243 861 4297 solis

59 4337 151 4392 rueliis
178 4344 286 4406 aterpo
305 4334 448 4390 secumlum
475 4335 588 4406 [oratam
616 4335 722 4389 rotundi
744 4334 861 4402 corporis

56 4426 161 4482 urnbra
191 4426 276 4482 lustur
293 4429 351 4483 corti
371 4425 512 4482 claudatur
529 4429 573 4494 ¹¹,·
599 4427 639 4483 sol
671 4429 739 4483 enim
771 4424 861 4481 multi-

51 4519 174 4589 pliciter
206 4518 386 4590 stupuittnliue
418 4528 514 4574 terram
554 4536 705 4590 carperem,
738 4519 863 4592 illamque

916 2323 1036 2378 cessario
1074 2338 1126 2377 uon
1156 2322 1208 2377 erit
1240 2330 1379 2377 aeternum
1413 2329 1441 2377 et
1469 2320 1627 2389 irrsruitum3
1647 2322 1712 2379 alio-

915 2413 980 2485 quin
1009 2430 1061 2469 uon
1076 2414 1128 2470 crit
1144 2413 1323 2478 contrarium,
1345 2428 1396 2468 uec
1411 2428 1444 2467 ex
1470 2413 1578 2468 diuersa
1592 2415 1614 2448 ¹⁷
1635 2421 1714 2484 parta

915 2507 1080 2578 oppositum.
1113 2506 1230 2561 llcterua
1258 2498 1408 2576 siquidem,
1432 2507 1557 2577 quamuis
1583 2504 1714 2576 qualitate

916 2596 1093 2667 discrepant,
1122 2598 1178 2653 sola
1210 2594 1380 2652 aeternitatis
1411 2595 1578 2668 aequalitate
1604 2598 1715 2654 sibimet

916 2690 1092 2743 conveniunt.
1111 2688 1207 2742 Divina
1231 2702 1348 2758 nauaque
1371 2687 1458 2759 pictas
1481 2696 1562 2759 atquc
1581 2690 1714 2746 seueritas

916 2777 1048 2848 qtralitatc
1062 2778 1214 2844 (insonant,
1239 2778 1303 2834 altrm
1323 2793 1374 2832 tana
1396 2777 1494 2833 alelicta
1515 2779 1603 2849 punit,
1626 2779 1713 2833 altera

917 2864 1039 2939 intlnlget
1055 2885 1061 2921 :
1078 2866 1173 2923 ambae
1190 2855 1278 2922 tauron
1298 2870 1426 2922 aeternae
1447 2877 1519 2923 suut.
1537 2867 1650 2922 Diuinae
1666 2883 1714 2923 au·

917 2970 971 3016 tom
999 2960 1113 3015 bonitati
1143 2956 1247 3015 malitia
1280 2958 1390 3015 omniuo
1423 2959 1580 3031 opponitur.
1611 2959 1713 3016 ilalitia

917 3051 1007 3120 itaque
1020 3048 1280 3105 consummationem
1297 3048 1423 3120 accipiet,
1438 3042 1465 3105 et
1480 3051 1506 3103 in
1525 3047 1597 3105 nulla
1616 3058 1716 3107 natura

917 3142 1080 3208 murtancbit‚
1102 3142 1229 3214 qrrouiam
1253 3143 1280 3199 iu
1301 3142 1427 3199 omuibus
1446 3143 1554 3198 bouitas
1573 3141 1665 3197 dirius
1684 3149 1714 3199 et

916 3240 1073 3311 operabitur
1083 3249 1110 3295 ct
1123 3239 1320 3310 apparebitis
1334 3255 1382 3310 per
1393 3239 1444 3296 boc
1456 3248 1580 3297 araturam
1592 3249 1712 3305 nostrata

916 3422 972 3479 litia
982 3420 1129 3493 delenitam,
1144 3425 1190 3481 secl
1205 3424 1238 3479 ad
1249 3426 1349 3481 bouuut
1362 3424 1438 3478 brrito
1450 3424 1524 3479 orarul
1534 3423 1604 3481 malo
1620 3439 1711 3480 revor-

917 3534 1020 3586 suram,
1037 3518 1176 3591 praelatus
1198 3526 1292 3581 auctor
1306 3518 1414 3575 asserit.
1431 3517 1507 3574 Sicut
1521 3519 1593 3573 eninr
1615 3519 1712 3575 rrrrrbra

918 3618 1017 3674 terrae,
1031 3628 1112 3683 qulam
1129 3619 1234 3669 noctem
1249 3610 1394 3683 appellant,
1410 3608 1437 3666 iu
1460 3609 1532 3666 airis
1545 3616 1573 3665 et
1593 3609 1713 3667 aetheris

919 3701 1005 3772 spatia
1018 3717 1067 3772 per
1089 3690 1224 3756 inlinitum
1245 3715 1298 3755 uon
1317 3698 1473 3771 porrigitur,
1490 3699 1536 3753 scal
1557 3698 1625 3753 iutra
1646 3713 1712 3752 ocu-

920 3803 976 3849 tum
989 3793 1085 3864 uiginti
1098 3794 1119 3831 ¹⁸
1130 3806 1178 3848 scr
1194 3792 1277 3848 millia
1294 3793 1455 3855 stadiorum,
1474 3800 1505 3845 ut
1523 3789 1632 3859 physici
1651 3804 1713 3858 por-

918 3884 1025 3948 bibent,
1047 3884 1233 3938 coartantibus
1253 3896 1313 3936 earu
1332 3880 1450 3948 attritique
1474 3878 1608 3934 solatribns
1629 3876 1714 3937 rrrtliit

917 3975 990 4029 circa
1007 3983 1107 4029 terram
1122 3972 1237 4037 diffusis,
1254 3971 1341 4027 instar
1354 3970 1415 4026 coni
1431 3969 1613 4035 acuminatur,
1631 3969 1668 4024 ita
1683 3974 1713 4023 ut

916 4065 1024 4135 penitus
1045 4063 1154 4120 ilcssciat
1172 4083 1179 4119 a
1195 4065 1235 4121 sic
1253 4063 1372 4129 malitia,
1388 4077 1460 4136 quae
1480 4061 1562 4120 relati
1578 4061 1712 4134 quautam

915 4157 1010 4212 umbra
1031 4157 1191 4212 delictorum
1210 4165 1366 4212 nostrorum
1390 4167 1510 4212 nostram
1529 4162 1644 4224 occupat
1663 4169 1714 4209 us·

916 4260 1015 4315 turam,
1042 4250 1205 4305 abundantia
1231 4263 1363 4317 supernae
1385 4259 1565 4317 aeternaeque
1582 4249 1604 4282 ¹¹
1629 4244 1708 4299 borri-

917 4343 979 4396 tatis
1000 4341 1176 4404 coartabitur,
1189 4349 1217 4395 et
1238 4339 1349 4395 omuino
1370 4338 1538 4403 abolebitur,
1558 4338 1622 4393 lum
1640 4335 1711 4391 irra-

918 4425 1059 4486 tionabiles
1080 4431 1215 4486 burnauae
1237 4430 1346 4485 animae
1372 4437 1460 4484 motus
1482 4429 1515 4484 ad
1538 4422 1712 4483 rationabiles

917 4523 1039 4579 recitatis
1063 4522 1176 4581 allectus
1198 4531 1390 4580 convertentur
1411 4534 1436 4577 a,
1463 4519 1566 4576 Deinde
1590 4527 1711 4576 nostrata

713 4668 842 4728 ululae
860 4672 1062 4730 Lectiones.

89 4802 305 4878 tilutntagui.
342 4808 556 4878 'Apermissum
595 4805 1221 4876 ¹SicCFricesimoetrr.1luicesitnoprimo.
1260 4804 1602 4876 ¹bslceatiortisimpuit.
1644 4802 1710 4860 ⁸cr’

38 4894 146 4957 quam
162 4877 236 4948 qtrorl
249 4888 356 4948 seraper
368 4877 488 4932 sirrrillter
501 4875 576 4930 ltaiet
589 4877 615 4930 in
631 4876 697 4929 bono
708 4875 816 4944 iacietis.
856 4874 1001 4930 ‘cisen
1040 4872 1206 4947 'araeque
1255 4876 1322 4930 'CF
1334 4876 1427 5000 aliptae
1438 4874 1611 4934 immutabile.
1656 4876 1710 4931 ¹se

36 4948 189 5011 orsmiii'.
228 4947 249 4982 ¹¹
263 4948 417 5020 Pmpailli'
432 4947 558 5001 nilrilnon
571 4946 715 5001 nascentis.
754 4947 773 4980 ¹¹
786 4945 938 5017 crusque.
979 4944 1049 5000 ”CF
1063 4957 1232 5001 momentum.
1272 4946 1376 5016 ¹¹paron

1395 4944 1598 5001 r'Ci'cnmuero.
1638 4944 1710 5001 ”CF

35 5032 139 5082 cirrrrr.
187 5021 207 5054 ¹¹
220 5017 260 5075 CF
273 5020 310 5074 iu.
349 5018 370 5052 ¹¹
383 5019 424 5074 CF
438 5018 628 5087 progrediatur.
668 5016 741 5072 ¹¹Ci'
755 5025 863 5073 nostrae
876 5025 989 5072 naturae
1000 5019 1093 5071 iterum
1107 5017 1218 5086 tirmiter
1229 5018 1256 5073 in
1272 5017 1365 5071 bonam
1382 5026 1494 5071 recurret
1509 5017 1587 5071 mum.
1626 5010 1648 5047 ¹⁸
1665 5014 1709 5071 CF

34 5100 85 5152 «ξιι
96 5108 127 5144 -ιι
142 5104 179 5144 ex
192 5091 317 5145 nternoria
332 5091 451 5160 priorum
467 5087 647 5141 calarnitatum
662 5087 696 5140 crat
707 5086 843 5141 essentium
855 5089 947 5141 iterrun
959 5089 985 5141 iu
996 5088 1036 5141 iris
1046 5105 1113 5159 patae
1126 5099 1195 5142 recta
1204 5099 1276 5152 srrrrt,
1288 5090 1471 5158 compescitur.
1509 5088 1531 5120 ¹¹
1544 5087 1598 5141 Pro
1608 5082 1710 5140 Rursus

33 5150 265 5240 epicurorum?
276 5152 524 5228 Nenerpoiterum.
562 5155 1283 5228 ¹¹liilltmrimspiriaetlreriasapiuntspatialuruiuis
1314 5159 1469 5213 uirlcmcct.
1517 5156 1595 5212 ”CF
1613 5158 1709 5210 obum-

36 5231 223 5295 brationem
242 5227 310 5284 lieri.
327 5230 381 5285 Scri
400 5230 448 5282 laec
459 5226 563 5299 qrtitlem
578 5243 623 5296 per
645 5227 758 5296 pparrrrm
774 5227 972 5297 rplraerilormis
989 5229 1105 5297 corporis
1121 5229 1256 5283 corasiclero
1266 5175 1348 5283 solatri
1362 5229 1436 5282 raalio
1453 5228 1511 5280 corsi
1523 5227 1636 5294 fiprrrarn
1648 5241 1709 5278 con·

35 5302 199 5361 claudente.
237 5301 259 5332 ¹¹
275 5299 317 5355 CF
332 5300 419 5355 Solem
433 5315 491 5351 uero
502 5297 686 5367 multipliciter
699 5299 882 5379 uraguittnline
903 5307 1002 5352 terram
1016 5314 1141 5367 superare
1157 5300 1269 5369 natalique
1284 5301 1366 5368 ipsam
1385 5299 1466 5351 raaliis
1482 5299 1508 5350 in
1522 5297 1578 5362 piro
1596 5310 1710 5360 conunc-

35 5371 196 5432 lscrtderrs,
210 5369 236 5423 in
250 5371 405 5424 summitate
417 5367 477 5434 cetri
489 5369 682 5423 coarianissuras
696 5369 804 5421 ltrrtuuis
815 5365 972 5435 copulurula,
988 5369 1025 5418 ita
1040 5376 1066 5419 nt
1075 5368 1222 5421 sccuntluur
1234 5370 1365 5422 rrrraterienr
1378 5371 1400 5420 si
1412 5368 1486 5420 lieret
1498 5366 1611 5434 cuipiam
1623 5365 1709 5418 virtus

33 5440 285 5511 transgredienti
306 5453 473 5503 rneusuram,
496 5438 521 5498 iu
545 5454 627 5507 qutant
653 5437 917 5491 rarrrbracslcnclitur.
959 5435 1038 5490 ”CF
1063 5435 1145 5492 intelli
1180 5455 1215 5493 rc.
1263 5438 1347 5492 ¹¹Sic
1368 5437 1426 5502 Ci';
1449 5436 1706 5505 optimorumque.

33 5519 69 5553 ²⁸
90 5512 149 5569 Sic
168 5508 455 5579 Gi¹;Actc[ectrrram.
494 5504 782 5564 ¹¹Aacternacstct
803 5506 917 5561 inlinita.
956 5502 1114 5573 ”sicam
1181 5507 1301 5583 aduersa.
1339 5503 1362 5540 ¹⁸
1383 5506 1405 5560 Α
1428 5514 1536 5561 ccrrtum
1558 5514 1581 5559 et
1603 5504 1708 5574 uiginti.

826 5642 951 5704 NOTAE.

32 5591 66 5625 ¹·
95 5584 125 5638 Α
146 5589 174 5636 et
197 5588 335 5636 aeternae.

85 5761 103 5791 a
132 5742 187 5807 Ea,
219 5758 288 5813 quae
308 5741 550 5798 loannes'Scotus
574 5742 631 5815 jam
660 5743 694 5799 de
716 5743 862 5799 abolitione

34 5818 123 5878 ntuli
156 5814 248 5883 tleuuc
275 5814 368 5883 poetria
397 5828 428 5868 ac
456 5814 593 5883 suppliciis
622 5810 780 5884 impiorum,
805 5813 861 5868 sire

33 5887 220 5951 homiuum,
245 5885 301 5939 sire
319 5885 489 5954 dauniorum,
512 5892 563 5941 cet.
591 5885 725 5961 disputat,
751 5885 860 5942 ueritati

917 5742 1067 5798 catlrulicac
1081 5742 1192 5798 omnino
1206 5756 1365 5814 repugnare,
1379 5742 1424 5794 tin
1445 5746 1497 5803 cst,
1513 5740 1585 5810 uuou
1597 5750 1710 5797 monos·

916 5829 984 5866 suurn.
1007 5812 1048 5868 Ci.
1073 5815 1104 5868 alc
1120 5812 1223 5868 loaune
1247 5812 1329 5869 Scato
1346 5813 1607 5871 Corrrrucutatioueut
1626 5809 1658 5867 P.
1674 5810 1708 5882 tt,

915 5883 975 5957 §57
990 5901 1072 5958 supra
1087 5885 1137 5942 col.
1150 5884 1183 5943 78
1197 5892 1226 5940 ct
1243 5883 1286 5944 79.
