<?xml version="1.0" encoding="UTF-8"?>
<!DOCTYPE html PUBLIC "-//W3C//DTD XHTML 1.0 Transitional//EN"
    "http://www.w3.org/TR/xhtml1/DTD/xhtml1-transitional.dtd">
<html xmlns="http://www.w3.org/1999/xhtml" xml:lang="en" lang="en">
 <head>
  <title>
</title>
<meta http-equiv="Content-Type" content="text/html;charset=utf-8" />
  <meta name='ocr-system' content='tesseract 3.04.00' />
  <meta name='ocr-capabilities' content='ocr_page ocr_carea ocr_par ocr_line ocrx_word'/>
</head>
<body>
  <div class='ocr_page' id='page_1' title='image "./operaquaesupers00flosgoog/operaquaesupers00flosgoog_0027.png"; bbox 0 0 3984 6534; ppageno 0'>
   <div class='ocr_carea' id='block_1_1' title="bbox 187 409 1091 486">
    <p class='ocr_par' dir='ltr' id='par_1_1' title="bbox 187 409 1091 486">
     <span class='ocr_line' id='line_1_1' title="bbox 187 409 1091 486; baseline -0.009 -14"><span class='ocrx_word' id='word_1_1' title='bbox 187 444 247 486; x_wconf 63' lang='lat' dir='ltr'><strong>m,</strong></span> <span class='ocrx_word' id='word_1_2' title='bbox 878 409 1091 471; x_wconf 79' lang='lat' dir='ltr'><strong>rnooeuruu.</strong></span> 
     </span>
    </p>
   </div>
   <div class='ocr_carea' id='block_1_2' title="bbox 157 534 1798 1592">
    <p class='ocr_par' dir='ltr' id='par_1_2' title="bbox 157 534 1798 1592">
     <span class='ocr_line' id='line_1_2' title="bbox 178 534 1794 628; baseline -0.01 -16"><span class='ocrx_word' id='word_1_3' title='bbox 178 554 230 612; x_wconf 86' lang='lat' dir='ltr'><strong>rit.</strong></span> <span class='ocrx_word' id='word_1_4' title='bbox 246 550 352 624; x_wconf 83' lang='lat' dir='ltr'><strong>Quare</strong></span> <span class='ocrx_word' id='word_1_5' title='bbox 368 547 439 609; x_wconf 88' lang='lat' dir='ltr'><strong>illus</strong></span> <span class='ocrx_word' id='word_1_6' title='bbox 455 548 573 626; x_wconf 86' lang='lat' dir='ltr'><strong>paritor</strong></span> <span class='ocrx_word' id='word_1_7' title='bbox 588 545 808 624; x_wconf 75' lang='lat' dir='ltr'>expositiones</span> <span class='ocrx_word' id='word_1_8' title='bbox 825 546 975 610; x_wconf 88' lang='lat' dir='ltr'><strong>rescissas</strong></span> <span class='ocrx_word' id='word_1_9' title='bbox 990 546 1176 628; x_wconf 74' lang='lat' dir='ltr'><strong>deletasque</strong></span> <span class='ocrx_word' id='word_1_10' title='bbox 1193 563 1277 621; x_wconf 89' lang='lat' dir='ltr'><strong>esse,</strong></span> <span class='ocrx_word' id='word_1_11' title='bbox 1294 536 1430 624; x_wconf 82' lang='lat' dir='ltr'><strong>ideoque</strong></span> <span class='ocrx_word' id='word_1_12' title='bbox 1442 541 1474 602; x_wconf 95' lang='lat' dir='ltr'><strong>in</strong></span> <span class='ocrx_word' id='word_1_13' title='bbox 1488 538 1652 604; x_wconf 84' lang='lat' dir='ltr'><strong>codicibus</strong></span> <span class='ocrx_word' id='word_1_14' title='bbox 1662 536 1731 616; x_wconf 87' lang='lat' dir='ltr'><strong>jam</strong></span> <span class='ocrx_word' id='word_1_15' title='bbox 1747 534 1794 598; x_wconf 82' lang='lat' dir='ltr'><strong>de</strong></span> 
     </span>
     <span class='ocr_line' id='line_1_3' title="bbox 177 667 484 749; baseline -0.013 -18"><span class='ocrx_word' id='word_1_16' title='bbox 177 667 312 733; x_wconf 86' lang='lat' dir='ltr'><strong>siderari</strong></span> <span class='ocrx_word' id='word_1_17' title='bbox 330 667 484 749; x_wconf 86' lang='lat' dir='ltr'><strong>suspicor.</strong></span> 
     </span>
     <span class='ocr_line' id='line_1_4' title="bbox 217 775 1798 867; baseline -0.008 -16"><span class='ocrx_word' id='word_1_18' title='bbox 217 789 277 852; x_wconf 84' lang='lat' dir='ltr'><strong>llis</strong></span> <span class='ocrx_word' id='word_1_19' title='bbox 293 789 392 867; x_wconf 87' lang='lat' dir='ltr'><strong>igitur</strong></span> <span class='ocrx_word' id='word_1_20' title='bbox 406 786 534 867; x_wconf 90' lang='lat' dir='ltr'><strong>scriptis</strong></span> <span class='ocrx_word' id='word_1_21' title='bbox 551 785 684 848; x_wconf 89' lang='lat' dir='ltr'><strong>uberius</strong></span> <span class='ocrx_word' id='word_1_22' title='bbox 700 783 839 863; x_wconf 90' lang='lat' dir='ltr'><strong>prolatos</strong></span> <span class='ocrx_word' id='word_1_23' title='bbox 855 784 988 847; x_wconf 87' lang='lat' dir='ltr'><strong>loannis</strong></span> <span class='ocrx_word' id='word_1_24' title='bbox 1003 786 1088 848; x_wconf 84' lang='lat' dir='ltr'><strong>Scoti</strong></span> <span class='ocrx_word' id='word_1_25' title='bbox 1102 783 1143 848; x_wconf 92' lang='lat' dir='ltr'><strong>de</strong></span> <span class='ocrx_word' id='word_1_26' title='bbox 1161 800 1293 865; x_wconf 85' lang='lat' dir='ltr'><strong>corpore</strong></span> <span class='ocrx_word' id='word_1_27' title='bbox 1308 788 1339 846; x_wconf 90' lang='lat' dir='ltr'><strong>et</strong></span> <span class='ocrx_word' id='word_1_28' title='bbox 1357 779 1512 857; x_wconf 87' lang='lat' dir='ltr'><strong>sanguine</strong></span> <span class='ocrx_word' id='word_1_29' title='bbox 1525 775 1657 839; x_wconf 78' lang='lat' dir='ltr'><strong>bomini</strong></span> <span class='ocrx_word' id='word_1_30' title='bbox 1678 793 1798 839; x_wconf 76' lang='lat' dir='ltr'><strong>errores</strong></span> 
     </span>
     <span class='ocr_line' id='line_1_5' title="bbox 176 901 1797 985; baseline -0.001 -17"><span class='ocrx_word' id='word_1_31' title='bbox 176 907 367 970; x_wconf 89' lang='lat' dir='ltr'><strong>llincmarus</strong></span> <span class='ocrx_word' id='word_1_32' title='bbox 393 902 588 984; x_wconf 79' lang='lat' dir='ltr'><strong>perstringit,</strong></span> <span class='ocrx_word' id='word_1_33' title='bbox 609 901 660 964; x_wconf 90' lang='lat' dir='ltr'><strong>bis</strong></span> <span class='ocrx_word' id='word_1_34' title='bbox 680 903 806 981; x_wconf 87' lang='lat' dir='ltr'><strong>seriptis</strong></span> <span class='ocrx_word' id='word_1_35' title='bbox 831 922 913 985; x_wconf 92' lang='lat' dir='ltr'><strong>quae</strong></span> <span class='ocrx_word' id='word_1_36' title='bbox 942 906 1202 979; x_wconf 75' lang='lat' dir='ltr'><strong>continebantur,</strong></span> <span class='ocrx_word' id='word_1_37' title='bbox 1236 905 1370 984; x_wconf 79' lang='lat' dir='ltr'><strong>ineptior</strong></span> <span class='ocrx_word' id='word_1_38' title='bbox 1397 903 1594 969; x_wconf 76' lang='lat' dir='ltr'><strong>adrevaldus</strong></span> <span class='ocrx_word' id='word_1_39' title='bbox 1617 901 1797 966; x_wconf 79' lang='lat' dir='ltr'><strong>monachus</strong></span> 
     </span>
     <span class='ocr_line' id='line_1_6' title="bbox 176 1020 1794 1108; baseline -0.004 -17"><span class='ocrx_word' id='word_1_40' title='bbox 176 1028 338 1091; x_wconf 86' lang='lat' dir='ltr'><strong>refutavit.</strong></span> <span class='ocrx_word' id='word_1_41' title='bbox 360 1030 472 1090; x_wconf 80' lang='lat' dir='ltr'><strong>Postea</strong></span> <span class='ocrx_word' id='word_1_42' title='bbox 498 1030 620 1098; x_wconf 84' lang='lat' dir='ltr'><strong>autem,</strong></span> <span class='ocrx_word' id='word_1_43' title='bbox 648 1043 747 1106; x_wconf 91' lang='lat' dir='ltr'><strong>quum</strong></span> <span class='ocrx_word' id='word_1_44' title='bbox 772 1028 984 1108; x_wconf 79' lang='lat' dir='ltr'><strong>berengarius</strong></span> <span class='ocrx_word' id='word_1_45' title='bbox 1014 1031 1217 1095; x_wconf 87' lang='lat' dir='ltr'><strong>Turonensis</strong></span> <span class='ocrx_word' id='word_1_46' title='bbox 1233 1031 1268 1093; x_wconf 92' lang='lat' dir='ltr'><strong>in</strong></span> <span class='ocrx_word' id='word_1_47' title='bbox 1285 1029 1403 1093; x_wconf 89' lang='lat' dir='ltr'><strong>librum</strong></span> <span class='ocrx_word' id='word_1_48' title='bbox 1421 1022 1584 1088; x_wconf 85' lang='lat' dir='ltr'><strong>llatramni</strong></span> <span class='ocrx_word' id='word_1_49' title='bbox 1611 1020 1794 1094; x_wconf 86' lang='lat' dir='ltr'><strong>incidisset,</strong></span> 
     </span>
     <span class='ocr_line' id='line_1_7' title="bbox 174 1145 1796 1230; baseline -0.001 -18"><span class='ocrx_word' id='word_1_50' title='bbox 174 1164 248 1212; x_wconf 87' lang='lat' dir='ltr'><strong>eum</strong></span> <span class='ocrx_word' id='word_1_51' title='bbox 266 1147 400 1211; x_wconf 83' lang='lat' dir='ltr'><strong>loannis</strong></span> <span class='ocrx_word' id='word_1_52' title='bbox 423 1145 508 1209; x_wconf 82' lang='lat' dir='ltr'><strong>scoti</strong></span> <span class='ocrx_word' id='word_1_53' title='bbox 534 1163 616 1222; x_wconf 90' lang='lat' dir='ltr'><strong>esse,</strong></span> <span class='ocrx_word' id='word_1_54' title='bbox 646 1151 676 1209; x_wconf 90' lang='lat' dir='ltr'><strong>et</strong></span> <span class='ocrx_word' id='word_1_55' title='bbox 692 1147 753 1208; x_wconf 91' lang='lat' dir='ltr'><strong>sibi</strong></span> <span class='ocrx_word' id='word_1_56' title='bbox 770 1153 800 1211; x_wconf 86' lang='lat' dir='ltr'><strong>et</strong></span> <span class='ocrx_word' id='word_1_57' title='bbox 815 1149 888 1212; x_wconf 84' lang='lat' dir='ltr'><strong>aliis</strong></span> <span class='ocrx_word' id='word_1_58' title='bbox 907 1155 1079 1230; x_wconf 76' lang='lat' dir='ltr'><strong>persuasit.</strong></span> <span class='ocrx_word' id='word_1_59' title='bbox 1104 1149 1166 1211; x_wconf 88' lang='lat' dir='ltr'><strong>llic</strong></span> <span class='ocrx_word' id='word_1_60' title='bbox 1197 1154 1302 1213; x_wconf 89' lang='lat' dir='ltr'><strong>autem</strong></span> <span class='ocrx_word' id='word_1_61' title='bbox 1320 1146 1402 1210; x_wconf 93' lang='lat' dir='ltr'><strong>liber</strong></span> <span class='ocrx_word' id='word_1_62' title='bbox 1417 1146 1478 1209; x_wconf 86' lang='lat' dir='ltr'><strong>etsi</strong></span> <span class='ocrx_word' id='word_1_63' title='bbox 1495 1161 1621 1209; x_wconf 89' lang='lat' dir='ltr'><strong>errores</strong></span> <span class='ocrx_word' id='word_1_64' title='bbox 1637 1145 1796 1227; x_wconf 87' lang='lat' dir='ltr'><strong>Barenga·</strong></span> 
     </span>
     <span class='ocr_line' id='line_1_8' title="bbox 174 1266 1796 1351; baseline 0.002 -19"><span class='ocrx_word' id='word_1_65' title='bbox 174 1270 283 1333; x_wconf 85' lang='lat' dir='ltr'><strong>rianos</strong></span> <span class='ocrx_word' id='word_1_66' title='bbox 298 1286 364 1334; x_wconf 85' lang='lat' dir='ltr'><strong>uun</strong></span> <span class='ocrx_word' id='word_1_67' title='bbox 378 1272 485 1348; x_wconf 87' lang='lat' dir='ltr'><strong>aperte</strong></span> <span class='ocrx_word' id='word_1_68' title='bbox 501 1266 630 1348; x_wconf 90' lang='lat' dir='ltr'><strong>profert,</strong></span> <span class='ocrx_word' id='word_1_69' title='bbox 643 1276 750 1332; x_wconf 88' lang='lat' dir='ltr'><strong>tamen</strong></span> <span class='ocrx_word' id='word_1_70' title='bbox 765 1271 916 1344; x_wconf 78' lang='lat' dir='ltr'><strong>incertae,</strong></span> <span class='ocrx_word' id='word_1_71' title='bbox 934 1287 1017 1351; x_wconf 88' lang='lat' dir='ltr'><strong>quac</strong></span> <span class='ocrx_word' id='word_1_72' title='bbox 1035 1270 1064 1333; x_wconf 90' lang='lat' dir='ltr'><strong>ei</strong></span> <span class='ocrx_word' id='word_1_73' title='bbox 1085 1271 1207 1342; x_wconf 88' lang='lat' dir='ltr'><strong>insunt,</strong></span> <span class='ocrx_word' id='word_1_74' title='bbox 1223 1270 1455 1351; x_wconf 75' lang='lat' dir='ltr'><strong>ambiguaeque</strong></span> <span class='ocrx_word' id='word_1_75' title='bbox 1478 1270 1684 1334; x_wconf 88' lang='lat' dir='ltr'><strong>definitiones</strong></span> <span class='ocrx_word' id='word_1_76' title='bbox 1705 1272 1748 1334; x_wconf 92' lang='lat' dir='ltr'><strong>ita</strong></span> <span class='ocrx_word' id='word_1_77' title='bbox 1764 1290 1796 1336; x_wconf 88' lang='lat' dir='ltr'><strong>se</strong></span> 
     </span>
     <span class='ocr_line' id='line_1_9' title="bbox 173 1388 1795 1471; baseline 0.004 -22"><span class='ocrx_word' id='word_1_78' title='bbox 173 1389 303 1465; x_wconf 85' lang='lat' dir='ltr'><strong>frabent,</strong></span> <span class='ocrx_word' id='word_1_79' title='bbox 319 1396 354 1453; x_wconf 91' lang='lat' dir='ltr'><strong>ut</strong></span> <span class='ocrx_word' id='word_1_80' title='bbox 381 1406 453 1454; x_wconf 92' lang='lat' dir='ltr'><strong>cum</strong></span> <span class='ocrx_word' id='word_1_81' title='bbox 469 1388 733 1468; x_wconf 79' lang='lat' dir='ltr'><strong>berengarianae,</strong></span> <span class='ocrx_word' id='word_1_82' title='bbox 761 1396 828 1452; x_wconf 94' lang='lat' dir='ltr'><strong>tum</strong></span> <span class='ocrx_word' id='word_1_83' title='bbox 852 1388 1077 1455; x_wconf 75' lang='lat' dir='ltr'><strong>calvinisticae</strong></span> <span class='ocrx_word' id='word_1_84' title='bbox 1100 1391 1139 1454; x_wconf 89' lang='lat' dir='ltr'><strong>de</strong></span> <span class='ocrx_word' id='word_1_85' title='bbox 1165 1406 1296 1471; x_wconf 88' lang='lat' dir='ltr'><strong>corpore</strong></span> <span class='ocrx_word' id='word_1_86' title='bbox 1325 1396 1356 1457; x_wconf 90' lang='lat' dir='ltr'><strong>et</strong></span> <span class='ocrx_word' id='word_1_87' title='bbox 1378 1391 1535 1471; x_wconf 86' lang='lat' dir='ltr'><strong>sanguine</strong></span> <span class='ocrx_word' id='word_1_88' title='bbox 1561 1392 1697 1456; x_wconf 84' lang='lat' dir='ltr'><strong>Domini</strong></span> <span class='ocrx_word' id='word_1_89' title='bbox 1724 1391 1795 1457; x_wconf 89' lang='lat' dir='ltr'><strong>bae-</strong></span> 
     </span>
     <span class='ocr_line' id='line_1_10' title="bbox 157 1493 1398 1592; baseline -0.005 -20"><span class='ocrx_word' id='word_1_90' title='bbox 157 1527 283 1574; x_wconf 83' lang='lat' dir='ltr'><strong>·reseos</strong></span> <span class='ocrx_word' id='word_1_91' title='bbox 301 1513 395 1592; x_wconf 91' lang='lat' dir='ltr'><strong>quasi</strong></span> <span class='ocrx_word' id='word_1_92' title='bbox 409 1508 522 1572; x_wconf 84' lang='lat' dir='ltr'><strong>matrix</strong></span> <span class='ocrx_word' id='word_1_93' title='bbox 540 1515 624 1570; x_wconf 86' lang='lat' dir='ltr'><strong>recte</strong></span> <span class='ocrx_word' id='word_1_94' title='bbox 643 1509 744 1588; x_wconf 86' lang='lat' dir='ltr'><strong>possit</strong></span> <span class='ocrx_word' id='word_1_95' title='bbox 761 1508 877 1571; x_wconf 90' lang='lat' dir='ltr'><strong>rocnri.</strong></span> <span class='ocrx_word' id='word_1_96' title='bbox 1395 1493 1398 1496; x_wconf 40' lang='lat'><em>⁴</em></span> 
     </span>
    </p>
   </div>
   <div class='ocr_carea' id='block_1_3' title="bbox 175 1644 1800 2221">
    <p class='ocr_par' dir='ltr' id='par_1_3' title="bbox 175 1644 1800 2221">
     <span class='ocr_line' id='line_1_11' title="bbox 215 1644 1797 1735; baseline 0.001 -24"><span class='ocrx_word' id='word_1_97' title='bbox 215 1650 325 1729; x_wconf 85' lang='lat' dir='ltr'><strong>Neque</strong></span> <span class='ocrx_word' id='word_1_98' title='bbox 359 1663 435 1710; x_wconf 82' lang='lat' dir='ltr'><strong>vcro</strong></span> <span class='ocrx_word' id='word_1_99' title='bbox 453 1645 513 1709; x_wconf 93' lang='lat' dir='ltr'><strong>loci</strong></span> <span class='ocrx_word' id='word_1_100' title='bbox 531 1645 595 1707; x_wconf 91' lang='lat' dir='ltr'><strong>duo</strong></span> <span class='ocrx_word' id='word_1_101' title='bbox 618 1644 839 1709; x_wconf 91' lang='lat' dir='ltr'><strong>commentarii</strong></span> <span class='ocrx_word' id='word_1_102' title='bbox 857 1645 890 1707; x_wconf 94' lang='lat' dir='ltr'><strong>in</strong></span> <span class='ocrx_word' id='word_1_103' title='bbox 914 1647 945 1709; x_wconf 88' lang='lat' dir='ltr'><strong>S.</strong></span> <span class='ocrx_word' id='word_1_104' title='bbox 963 1648 1170 1729; x_wconf 80' lang='lat' dir='ltr'><strong>Euangelium</strong></span> <span class='ocrx_word' id='word_1_105' title='bbox 1188 1668 1251 1715; x_wconf 89' lang='lat' dir='ltr'><strong>sec.</strong></span> <span class='ocrx_word' id='word_1_106' title='bbox 1270 1655 1376 1731; x_wconf 79' lang='lat' dir='ltr'><strong>toan,</strong></span> <span class='ocrx_word' id='word_1_107' title='bbox 1401 1667 1482 1735; x_wconf 88' lang='lat' dir='ltr'><strong>quos</strong></span> <span class='ocrx_word' id='word_1_108' title='bbox 1499 1652 1542 1714; x_wconf 82' lang='lat' dir='ltr'><strong>lt.</strong></span> <span class='ocrx_word' id='word_1_109' title='bbox 1562 1653 1596 1712; x_wconf 80' lang='lat' dir='ltr'><strong>F.</strong></span> <span class='ocrx_word' id='word_1_110' title='bbox 1622 1650 1797 1713; x_wconf 84' lang='lat' dir='ltr'><strong>Raraisson</strong></span> 
     </span>
     <span class='ocr_line' id='line_1_12' title="bbox 176 1763 1797 1846; baseline 0.007 -18"><span class='ocrx_word' id='word_1_111' title='bbox 176 1768 251 1829; x_wconf 88' lang='lat' dir='ltr'><strong>citat</strong></span> <span class='ocrx_word' id='word_1_112' title='bbox 277 1765 328 1846; x_wconf 87' lang='lat' dir='ltr'><strong>(of.</strong></span> <span class='ocrx_word' id='word_1_113' title='bbox 353 1769 367 1842; x_wconf 67' lang='lat' dir='ltr'><strong>t</strong></span> <span class='ocrx_word' id='word_1_114' title='bbox 392 1763 437 1844; x_wconf 85' lang='lat' dir='ltr'><strong>o),</strong></span> <span class='ocrx_word' id='word_1_115' title='bbox 469 1764 628 1844; x_wconf 89' lang='lat' dir='ltr'><strong>ejusmodi</strong></span> <span class='ocrx_word' id='word_1_116' title='bbox 654 1769 742 1839; x_wconf 91' lang='lat' dir='ltr'><strong>sunt,</strong></span> <span class='ocrx_word' id='word_1_117' title='bbox 769 1764 824 1844; x_wconf 92' lang='lat' dir='ltr'><strong>qui</strong></span> <span class='ocrx_word' id='word_1_118' title='bbox 843 1764 976 1829; x_wconf 79' lang='lat' dir='ltr'><strong>loannis</strong></span> <span class='ocrx_word' id='word_1_119' title='bbox 1000 1766 1084 1833; x_wconf 86' lang='lat' dir='ltr'><strong>Seoti</strong></span> <span class='ocrx_word' id='word_1_120' title='bbox 1115 1769 1277 1834; x_wconf 90' lang='lat' dir='ltr'><strong>doctrinae</strong></span> <span class='ocrx_word' id='word_1_121' title='bbox 1306 1771 1346 1835; x_wconf 92' lang='lat' dir='ltr'><strong>de</strong></span> <span class='ocrx_word' id='word_1_122' title='bbox 1376 1775 1428 1837; x_wconf 86' lang='lat' dir='ltr'><strong>SS.</strong></span> <span class='ocrx_word' id='word_1_123' title='bbox 1452 1775 1667 1846; x_wconf 78' lang='lat' dir='ltr'><strong>Eucharistia,</strong></span> <span class='ocrx_word' id='word_1_124' title='bbox 1684 1791 1797 1839; x_wconf 87' lang='lat' dir='ltr'><strong>novam</strong></span> 
     </span>
     <span class='ocr_line' id='line_1_13' title="bbox 175 1867 1796 1977; baseline -0.002 -21"><span class='ocrx_word' id='word_1_125' title='bbox 175 1896 279 1968; x_wconf 85' lang='lat' dir='ltr'><strong>lucem</strong></span> <span class='ocrx_word' id='word_1_126' title='bbox 296 1892 471 1956; x_wconf 78' lang='lat' dir='ltr'><strong>attondant.</strong></span> <span class='ocrx_word' id='word_1_127' title='bbox 488 1892 567 1954; x_wconf 88' lang='lat' dir='ltr'><strong>Nam</strong></span> <span class='ocrx_word' id='word_1_128' title='bbox 592 1892 677 1957; x_wconf 87' lang='lat' dir='ltr'><strong>Scoti</strong></span> <span class='ocrx_word' id='word_1_129' title='bbox 701 1892 795 1956; x_wconf 86' lang='lat' dir='ltr'><strong>rerba</strong></span> <span class='ocrx_word' id='word_1_130' title='bbox 808 1914 815 1953; x_wconf 91' lang='lat'><strong>:</strong></span> <span class='ocrx_word' id='word_1_131' title='bbox 828 1899 856 1954; x_wconf 89' lang='lat' dir='ltr'><strong>et</strong></span> <span class='ocrx_word' id='word_1_132' title='bbox 879 1894 1091 1974; x_wconf 73' lang='lat' dir='ltr'><strong>spiritualiter</strong></span> <span class='ocrx_word' id='word_1_133' title='bbox 1113 1915 1179 1958; x_wconf 86' lang='lat' dir='ltr'><strong>eum</strong></span> <span class='ocrx_word' id='word_1_134' title='bbox 1193 1895 1395 1977; x_wconf 77' lang='lat' dir='ltr'><strong>(Solootorem</strong></span> <span class='ocrx_word' id='word_1_135' title='bbox 1419 1897 1468 1961; x_wconf 86' lang='lat' dir='ltr'><strong>rel</strong></span> <span class='ocrx_word' id='word_1_136' title='bbox 1484 1867 1598 1976; x_wconf 79' lang='lat' dir='ltr'><strong>aquom</strong></span> <span class='ocrx_word' id='word_1_137' title='bbox 1619 1871 1796 1972; x_wconf 65' lang='lat' dir='ltr'><strong>opiticum)</strong></span> 
     </span>
     <span class='ocr_line' id='line_1_14' title="bbox 175 2012 1799 2091; baseline -0.001 -16"><span class='ocrx_word' id='word_1_138' title='bbox 175 2015 379 2091; x_wconf 79' lang='lat' dir='ltr'><strong>immolamus,</strong></span> <span class='ocrx_word' id='word_1_139' title='bbox 405 2020 432 2074; x_wconf 88' lang='lat' dir='ltr'><strong>et</strong></span> <span class='ocrx_word' id='word_1_140' title='bbox 457 2012 708 2078; x_wconf 85' lang='lat' dir='ltr'><strong>intellectualiter</strong></span> <span class='ocrx_word' id='word_1_141' title='bbox 724 2023 832 2090; x_wconf 84' lang='lat' dir='ltr'><strong>mente,</strong></span> <span class='ocrx_word' id='word_1_142' title='bbox 847 2034 911 2077; x_wconf 83' lang='lat' dir='ltr'><strong>corr</strong></span> <span class='ocrx_word' id='word_1_143' title='bbox 934 2015 1021 2075; x_wconf 82' lang='lat' dir='ltr'><strong>decre</strong></span> <span class='ocrx_word' id='word_1_144' title='bbox 1047 2015 1243 2091; x_wconf 79' lang='lat' dir='ltr'><strong>comedimus,</strong></span> <span class='ocrx_word' id='word_1_145' title='bbox 1270 2018 1331 2080; x_wconf 91' lang='lat' dir='ltr'><strong>etsi</strong></span> <span class='ocrx_word' id='word_1_146' title='bbox 1357 2013 1522 2080; x_wconf 79' lang='lat' dir='ltr'><strong>veritatem</strong></span> <span class='ocrx_word' id='word_1_147' title='bbox 1549 2019 1647 2076; x_wconf 92' lang='lat' dir='ltr'><strong>totam</strong></span> <span class='ocrx_word' id='word_1_148' title='bbox 1663 2027 1731 2074; x_wconf 91' lang='lat' dir='ltr'><strong>non</strong></span> <span class='ocrx_word' id='word_1_149' title='bbox 1747 2028 1799 2074; x_wconf 84' lang='lat' dir='ltr'><strong>cx·</strong></span> 
     </span>
     <span class='ocr_line' id='line_1_15' title="bbox 175 2130 1800 2221; baseline -0.002 -19"><span class='ocrx_word' id='word_1_150' title='bbox 175 2131 312 2221; x_wconf 81' lang='lat' dir='ltr'><strong>primore</strong></span> <span class='ocrx_word' id='word_1_151' title='bbox 335 2138 514 2212; x_wconf 83' lang='lat' dir='ltr'><strong>rideantur,</strong></span> <span class='ocrx_word' id='word_1_152' title='bbox 544 2153 653 2217; x_wconf 86' lang='lat' dir='ltr'><strong>reapse</strong></span> <span class='ocrx_word' id='word_1_153' title='bbox 680 2139 788 2197; x_wconf 87' lang='lat' dir='ltr'><strong>tamen</strong></span> <span class='ocrx_word' id='word_1_154' title='bbox 815 2131 960 2197; x_wconf 81' lang='lat' dir='ltr'><strong>veritatis</strong></span> <span class='ocrx_word' id='word_1_155' title='bbox 987 2130 1107 2196; x_wconf 93' lang='lat' dir='ltr'><strong>limites</strong></span> <span class='ocrx_word' id='word_1_156' title='bbox 1136 2149 1200 2195; x_wconf 93' lang='lat' dir='ltr'><strong>non</strong></span> <span class='ocrx_word' id='word_1_157' title='bbox 1227 2133 1375 2212; x_wconf 87' lang='lat' dir='ltr'><strong>migrant.</strong></span> <span class='ocrx_word' id='word_1_158' title='bbox 1406 2135 1475 2198; x_wconf 91' lang='lat' dir='ltr'><strong>imo</strong></span> <span class='ocrx_word' id='word_1_159' title='bbox 1503 2137 1617 2199; x_wconf 89' lang='lat' dir='ltr'><strong>Scotus</strong></span> <span class='ocrx_word' id='word_1_160' title='bbox 1644 2134 1800 2200; x_wconf 84' lang='lat' dir='ltr'><strong>immolari</strong></span> 
     </span>
    </p>
   </div>
   <div class='ocr_carea' id='block_1_4' title="bbox 175 2248 1799 2455">
    <p class='ocr_par' dir='ltr' id='par_1_4' title="bbox 175 2248 1799 2455">
     <span class='ocr_line' id='line_1_16' title="bbox 175 2248 1799 2339; baseline -0.002 -17"><span class='ocrx_word' id='word_1_161' title='bbox 175 2259 339 2331; x_wconf 78' lang='lat' dir='ltr'><strong>Christum</strong></span> <span class='ocrx_word' id='word_1_162' title='bbox 364 2259 531 2339; x_wconf 83' lang='lat' dir='ltr'><strong>profitetur</strong></span> <span class='ocrx_word' id='word_1_163' title='bbox 548 2255 731 2338; x_wconf 87' lang='lat' dir='ltr'><strong>:quomodo</strong></span> <span class='ocrx_word' id='word_1_164' title='bbox 754 2271 830 2319; x_wconf 81' lang='lat' dir='ltr'><strong>vero</strong></span> <span class='ocrx_word' id='word_1_165' title='bbox 847 2248 1042 2329; x_wconf 87' lang='lat' dir='ltr'><strong>immoletur,</strong></span> <span class='ocrx_word' id='word_1_166' title='bbox 1069 2253 1097 2316; x_wconf 90' lang='lat' dir='ltr'><strong>si</strong></span> <span class='ocrx_word' id='word_1_167' title='bbox 1119 2253 1247 2318; x_wconf 91' lang='lat' dir='ltr'><strong>realiter</strong></span> <span class='ocrx_word' id='word_1_168' title='bbox 1270 2271 1420 2335; x_wconf 88' lang='lat' dir='ltr'><strong>praesens</strong></span> <span class='ocrx_word' id='word_1_169' title='bbox 1442 2272 1508 2321; x_wconf 91' lang='lat' dir='ltr'><strong>non</strong></span> <span class='ocrx_word' id='word_1_170' title='bbox 1531 2256 1594 2318; x_wconf 89' lang='lat' dir='ltr'><strong>sitt</strong></span> <span class='ocrx_word' id='word_1_171' title='bbox 1610 2256 1799 2320; x_wconf 86' lang='lat' dir='ltr'><strong>immolatur</strong></span> 
     </span>
     <span class='ocr_line' id='line_1_17' title="bbox 175 2369 1799 2455; baseline 0.001 -19"><span class='ocrx_word' id='word_1_172' title='bbox 175 2385 281 2439; x_wconf 89' lang='lat' dir='ltr'><strong>autem</strong></span> <span class='ocrx_word' id='word_1_173' title='bbox 306 2374 514 2455; x_wconf 81' lang='lat' dir='ltr'><strong>spiritualiter</strong></span> <span class='ocrx_word' id='word_1_174' title='bbox 539 2382 566 2435; x_wconf 86' lang='lat' dir='ltr'><strong>et</strong></span> <span class='ocrx_word' id='word_1_175' title='bbox 589 2371 727 2447; x_wconf 75' lang='lat' dir='ltr'><strong>realiter,</strong></span> <span class='ocrx_word' id='word_1_176' title='bbox 756 2371 935 2437; x_wconf 88' lang='lat' dir='ltr'><strong>comeditur</strong></span> <span class='ocrx_word' id='word_1_177' title='bbox 961 2369 1219 2434; x_wconf 85' lang='lat' dir='ltr'><strong>intellectualiter</strong></span> <span class='ocrx_word' id='word_1_178' title='bbox 1237 2378 1265 2434; x_wconf 89' lang='lat' dir='ltr'><strong>et</strong></span> <span class='ocrx_word' id='word_1_179' title='bbox 1292 2371 1429 2448; x_wconf 79' lang='lat' dir='ltr'><strong>realiter,</strong></span> <span class='ocrx_word' id='word_1_180' title='bbox 1454 2378 1561 2435; x_wconf 86' lang='lat' dir='ltr'><strong>mente</strong></span> <span class='ocrx_word' id='word_1_181' title='bbox 1585 2379 1613 2432; x_wconf 89' lang='lat' dir='ltr'><strong>et</strong></span> <span class='ocrx_word' id='word_1_182' title='bbox 1639 2390 1705 2447; x_wconf 87' lang='lat' dir='ltr'><strong>ore,</strong></span> <span class='ocrx_word' id='word_1_183' title='bbox 1736 2389 1799 2437; x_wconf 93' lang='lat' dir='ltr'><strong>non</strong></span> 
     </span>
    </p>
   </div>
   <div class='ocr_carea' id='block_1_5' title="bbox 169 2489 1801 3539">
    <p class='ocr_par' dir='ltr' id='par_1_5' title="bbox 169 2489 1801 3539">
     <span class='ocr_line' id='line_1_18' title="bbox 176 2489 1800 2572; baseline 0 -18"><span class='ocrx_word' id='word_1_184' title='bbox 176 2496 281 2556; x_wconf 82' lang='lat' dir='ltr'><strong>dente.</strong></span> <span class='ocrx_word' id='word_1_185' title='bbox 305 2494 335 2555; x_wconf 92' lang='lat' dir='ltr'><strong>ls</strong></span> <span class='ocrx_word' id='word_1_186' title='bbox 353 2492 451 2571; x_wconf 89' lang='lat' dir='ltr'><strong>igitur</strong></span> <span class='ocrx_word' id='word_1_187' title='bbox 474 2493 564 2554; x_wconf 89' lang='lat' dir='ltr'><strong>locus</strong></span> <span class='ocrx_word' id='word_1_188' title='bbox 588 2492 760 2572; x_wconf 89' lang='lat' dir='ltr'><strong>persimilis</strong></span> <span class='ocrx_word' id='word_1_189' title='bbox 784 2499 832 2557; x_wconf 89' lang='lat' dir='ltr'><strong>est</strong></span> <span class='ocrx_word' id='word_1_190' title='bbox 852 2493 934 2572; x_wconf 86' lang='lat' dir='ltr'><strong>ejus,</strong></span> <span class='ocrx_word' id='word_1_191' title='bbox 954 2489 1060 2572; x_wconf 92' lang='lat' dir='ltr'><strong>quiin</strong></span> <span class='ocrx_word' id='word_1_192' title='bbox 1083 2491 1347 2571; x_wconf 85' lang='lat' dir='ltr'><strong>Expositionibus</strong></span> <span class='ocrx_word' id='word_1_193' title='bbox 1369 2492 1403 2554; x_wconf 95' lang='lat' dir='ltr'><strong>in</strong></span> <span class='ocrx_word' id='word_1_194' title='bbox 1420 2490 1611 2556; x_wconf 88' lang='lat' dir='ltr'><strong>ierarchiam</strong></span> <span class='ocrx_word' id='word_1_195' title='bbox 1628 2491 1800 2557; x_wconf 88' lang='lat' dir='ltr'><strong>caelestem</strong></span> 
     </span>
     <span class='ocr_line' id='line_1_19' title="bbox 175 2609 1801 2692; baseline -0.005 -13"><span class='ocrx_word' id='word_1_196' title='bbox 175 2616 256 2689; x_wconf 88' lang='lat' dir='ltr'><strong>infra</strong></span> <span class='ocrx_word' id='word_1_197' title='bbox 274 2616 334 2684; x_wconf 84' lang='lat' dir='ltr'><strong>col·</strong></span> <span class='ocrx_word' id='word_1_198' title='bbox 355 2617 411 2680; x_wconf 85' lang='lat' dir='ltr'><strong>tto</strong></span> <span class='ocrx_word' id='word_1_199' title='bbox 428 2614 577 2681; x_wconf 91' lang='lat' dir='ltr'><strong>occurrit.</strong></span> <span class='ocrx_word' id='word_1_200' title='bbox 596 2613 684 2676; x_wconf 90' lang='lat' dir='ltr'><strong>ldem</strong></span> <span class='ocrx_word' id='word_1_201' title='bbox 708 2611 774 2676; x_wconf 90' lang='lat' dir='ltr'><strong>fere</strong></span> <span class='ocrx_word' id='word_1_202' title='bbox 798 2610 837 2674; x_wconf 92' lang='lat' dir='ltr'><strong>de</strong></span> <span class='ocrx_word' id='word_1_203' title='bbox 854 2609 954 2673; x_wconf 90' lang='lat' dir='ltr'><strong>altero</strong></span> <span class='ocrx_word' id='word_1_204' title='bbox 967 2610 1038 2675; x_wconf 92' lang='lat' dir='ltr'><strong>loco</strong></span> <span class='ocrx_word' id='word_1_205' title='bbox 1066 2610 1163 2676; x_wconf 89' lang='lat' dir='ltr'><strong>hocce</strong></span> <span class='ocrx_word' id='word_1_206' title='bbox 1188 2611 1271 2674; x_wconf 87' lang='lat' dir='ltr'><strong>valet</strong></span> <span class='ocrx_word' id='word_1_207' title='bbox 1283 2631 1290 2670; x_wconf 90' lang='lat'>:</span> <span class='ocrx_word' id='word_1_208' title='bbox 1303 2610 1482 2692; x_wconf 78' lang='lat' dir='ltr'><strong>spiritualis</strong></span> <span class='ocrx_word' id='word_1_209' title='bbox 1501 2610 1629 2673; x_wconf 79' lang='lat' dir='ltr'><strong>bomo...</strong></span> <span class='ocrx_word' id='word_1_210' title='bbox 1650 2609 1720 2690; x_wconf 79' lang='lat' dir='ltr'><strong>jam</strong></span> <span class='ocrx_word' id='word_1_211' title='bbox 1741 2629 1801 2672; x_wconf 79' lang='lat' dir='ltr'><strong>noe</strong></span> 
     </span>
     <span class='ocr_line' id='line_1_20' title="bbox 174 2729 1801 2815; baseline -0.002 -19"><span class='ocrx_word' id='word_1_212' title='bbox 174 2735 274 2798; x_wconf 77' lang='lat' dir='ltr'><strong>solum</strong></span> <span class='ocrx_word' id='word_1_213' title='bbox 295 2742 385 2815; x_wconf 81' lang='lat' dir='ltr'><strong>ceput</strong></span> <span class='ocrx_word' id='word_1_214' title='bbox 409 2733 567 2797; x_wconf 84' lang='lat' dir='ltr'><strong>Cltristum</strong></span> <span class='ocrx_word' id='word_1_215' title='bbox 594 2749 715 2792; x_wconf 83' lang='lat' dir='ltr'><strong>carnem</strong></span> <span class='ocrx_word' id='word_1_216' title='bbox 743 2749 815 2802; x_wconf 85' lang='lat' dir='ltr'><strong>ease,</strong></span> <span class='ocrx_word' id='word_1_217' title='bbox 845 2747 936 2808; x_wconf 87' lang='lat' dir='ltr'><strong>quom</strong></span> <span class='ocrx_word' id='word_1_218' title='bbox 948 2729 1015 2809; x_wconf 82' lang='lat' dir='ltr'><strong>jam</strong></span> <span class='ocrx_word' id='word_1_219' title='bbox 1034 2730 1067 2791; x_wconf 84' lang='lat' dir='ltr'><strong>in</strong></span> <span class='ocrx_word' id='word_1_220' title='bbox 1094 2729 1242 2810; x_wconf 83' lang='lat' dir='ltr'><strong>spiritum</strong></span> <span class='ocrx_word' id='word_1_221' title='bbox 1271 2749 1389 2792; x_wconf 70' lang='lat' dir='ltr'><strong>omrem</strong></span> <span class='ocrx_word' id='word_1_222' title='bbox 1415 2750 1476 2792; x_wconf 86' lang='lat' dir='ltr'><strong>esre</strong></span> <span class='ocrx_word' id='word_1_223' title='bbox 1502 2729 1675 2809; x_wconf 80' lang='lat' dir='ltr'><strong>intellipit,</strong></span> <span class='ocrx_word' id='word_1_224' title='bbox 1696 2750 1801 2795; x_wconf 84' lang='lat' dir='ltr'><strong>cerum</strong></span> 
     </span>
     <span class='ocr_line' id='line_1_21' title="bbox 174 2851 1801 2938; baseline -0.003 -23"><span class='ocrx_word' id='word_1_225' title='bbox 174 2857 265 2919; x_wconf 88' lang='lat' dir='ltr'><strong>etiam</strong></span> <span class='ocrx_word' id='word_1_226' title='bbox 284 2858 383 2938; x_wconf 84' lang='lat' dir='ltr'><strong>iprum</strong></span> <span class='ocrx_word' id='word_1_227' title='bbox 413 2854 539 2936; x_wconf 81' lang='lat' dir='ltr'><strong>depellit</strong></span> <span class='ocrx_word' id='word_1_228' title='bbox 560 2852 778 2917; x_wconf 80' lang='lat' dir='ltr'><strong>rationabilem</strong></span> <span class='ocrx_word' id='word_1_229' title='bbox 796 2851 932 2912; x_wconf 81' lang='lat' dir='ltr'><strong>animum</strong></span> <span class='ocrx_word' id='word_1_230' title='bbox 954 2869 1025 2912; x_wconf 82' lang='lat' dir='ltr'><strong>erre.</strong></span> <span class='ocrx_word' id='word_1_231' title='bbox 1043 2851 1080 2914; x_wconf 82' lang='lat' dir='ltr'><strong>Ut</strong></span> <span class='ocrx_word' id='word_1_232' title='bbox 1100 2853 1178 2912; x_wconf 85' lang='lat' dir='ltr'><strong>enim</strong></span> <span class='ocrx_word' id='word_1_233' title='bbox 1199 2866 1272 2913; x_wconf 87' lang='lat' dir='ltr'><strong>caro</strong></span> <span class='ocrx_word' id='word_1_234' title='bbox 1298 2852 1399 2932; x_wconf 82' lang='lat' dir='ltr'><strong>ipsius</strong></span> <span class='ocrx_word' id='word_1_235' title='bbox 1415 2851 1553 2913; x_wconf 80' lang='lat' dir='ltr'><strong>excitato</strong></span> <span class='ocrx_word' id='word_1_236' title='bbox 1575 2859 1619 2912; x_wconf 84' lang='lat' dir='ltr'><strong>eal</strong></span> <span class='ocrx_word' id='word_1_237' title='bbox 1638 2859 1667 2913; x_wconf 85' lang='lat' dir='ltr'><strong>et</strong></span> <span class='ocrx_word' id='word_1_238' title='bbox 1683 2861 1801 2912; x_wconf 84' lang='lat' dir='ltr'><strong>mutato</strong></span> 
     </span>
     <span class='ocr_line' id='line_1_22' title="bbox 169 2971 1798 3065; baseline -0.001 -28"><span class='ocrx_word' id='word_1_239' title='bbox 169 2974 207 3037; x_wconf 83' lang='lat' dir='ltr'><strong>&#39;io</strong></span> <span class='ocrx_word' id='word_1_240' title='bbox 226 2978 360 3038; x_wconf 86' lang='lat' dir='ltr'><strong>animam</strong></span> <span class='ocrx_word' id='word_1_241' title='bbox 372 2976 602 3046; x_wconf 80' lang='lat' dir='ltr'><strong>rationabilem,</strong></span> <span class='ocrx_word' id='word_1_242' title='bbox 619 2978 664 3040; x_wconf 89' lang='lat' dir='ltr'><strong>ito</strong></span> <span class='ocrx_word' id='word_1_243' title='bbox 680 2973 882 3065; x_wconf 81' lang='lat' dir='ltr'><strong>rationabilia</strong></span> <span class='ocrx_word' id='word_1_244' title='bbox 899 2974 999 3053; x_wconf 77' lang='lat' dir='ltr'><strong>ipsius</strong></span> <span class='ocrx_word' id='word_1_245' title='bbox 1015 2972 1117 3033; x_wconf 83' lang='lat' dir='ltr'><strong>animo</strong></span> <span class='ocrx_word' id='word_1_246' title='bbox 1136 2973 1168 3033; x_wconf 84' lang='lat' dir='ltr'><strong>in</strong></span> <span class='ocrx_word' id='word_1_247' title='bbox 1184 2971 1372 3036; x_wconf 82' lang='lat' dir='ltr'><strong>intellectum</strong></span> <span class='ocrx_word' id='word_1_248' title='bbox 1387 2977 1414 3030; x_wconf 86' lang='lat' dir='ltr'><strong>et</strong></span> <span class='ocrx_word' id='word_1_249' title='bbox 1431 2972 1569 3052; x_wconf 81' lang='lat' dir='ltr'><strong>subjecta</strong></span> <span class='ocrx_word' id='word_1_250' title='bbox 1590 2978 1633 3034; x_wconf 85' lang='lat' dir='ltr'><strong>eat</strong></span> <span class='ocrx_word' id='word_1_251' title='bbox 1652 2979 1681 3033; x_wconf 90' lang='lat' dir='ltr'><strong>et</strong></span> <span class='ocrx_word' id='word_1_252' title='bbox 1701 2991 1798 3035; x_wconf 80' lang='lat' dir='ltr'><strong>ceram</strong></span> 
     </span>
     <span class='ocr_line' id='line_1_23' title="bbox 173 3094 1799 3179; baseline -0.002 -17"><span class='ocrx_word' id='word_1_253' title='bbox 173 3097 473 3179; x_wconf 81' lang='lat' dir='ltr'><strong>Quomodocunque</strong></span> <span class='ocrx_word' id='word_1_254' title='bbox 496 3100 535 3160; x_wconf 90' lang='lat' dir='ltr'><strong>de</strong></span> <span class='ocrx_word' id='word_1_255' title='bbox 553 3100 603 3159; x_wconf 87' lang='lat' dir='ltr'><strong>tris</strong></span> <span class='ocrx_word' id='word_1_256' title='bbox 624 3098 748 3176; x_wconf 90' lang='lat' dir='ltr'><strong>placitis</strong></span> <span class='ocrx_word' id='word_1_257' title='bbox 771 3098 885 3169; x_wconf 88' lang='lat' dir='ltr'><strong>santis,</strong></span> <span class='ocrx_word' id='word_1_258' title='bbox 903 3104 1007 3159; x_wconf 92' lang='lat' dir='ltr'><strong>tamen</strong></span> <span class='ocrx_word' id='word_1_259' title='bbox 1025 3094 1188 3157; x_wconf 91' lang='lat' dir='ltr'><strong>Christum</strong></span> <span class='ocrx_word' id='word_1_260' title='bbox 1206 3096 1273 3175; x_wconf 89' lang='lat' dir='ltr'><strong>jam</strong></span> <span class='ocrx_word' id='word_1_261' title='bbox 1296 3115 1366 3159; x_wconf 88' lang='lat' dir='ltr'><strong>essa</strong></span> <span class='ocrx_word' id='word_1_262' title='bbox 1391 3113 1524 3177; x_wconf 89' lang='lat' dir='ltr'><strong>corpore</strong></span> <span class='ocrx_word' id='word_1_263' title='bbox 1546 3097 1752 3172; x_wconf 90' lang='lat' dir='ltr'><strong>destitutum,</strong></span> <span class='ocrx_word' id='word_1_264' title='bbox 1768 3106 1799 3159; x_wconf 83' lang='lat' dir='ltr'><strong>ct</strong></span> 
     </span>
     <span class='ocr_line' id='line_1_24' title="bbox 175 3213 1800 3295; baseline 0.002 -18"><span class='ocrx_word' id='word_1_265' title='bbox 175 3219 347 3282; x_wconf 83' lang='lat' dir='ltr'><strong>humanam</strong></span> <span class='ocrx_word' id='word_1_266' title='bbox 360 3226 504 3281; x_wconf 88' lang='lat' dir='ltr'><strong>naturam</strong></span> <span class='ocrx_word' id='word_1_267' title='bbox 524 3219 674 3295; x_wconf 81' lang='lat' dir='ltr'><strong>inteprom</strong></span> <span class='ocrx_word' id='word_1_268' title='bbox 689 3233 753 3276; x_wconf 92' lang='lat' dir='ltr'><strong>non</strong></span> <span class='ocrx_word' id='word_1_269' title='bbox 768 3214 905 3292; x_wconf 90' lang='lat' dir='ltr'><strong>amplius</strong></span> <span class='ocrx_word' id='word_1_270' title='bbox 929 3213 1056 3288; x_wconf 89' lang='lat' dir='ltr'><strong>babere,</strong></span> <span class='ocrx_word' id='word_1_271' title='bbox 1078 3232 1116 3277; x_wconf 85' lang='lat' dir='ltr'><strong>ex</strong></span> <span class='ocrx_word' id='word_1_272' title='bbox 1136 3214 1176 3277; x_wconf 93' lang='lat' dir='ltr'><strong>iis</strong></span> <span class='ocrx_word' id='word_1_273' title='bbox 1192 3231 1256 3274; x_wconf 91' lang='lat' dir='ltr'><strong>non</strong></span> <span class='ocrx_word' id='word_1_274' title='bbox 1271 3215 1418 3295; x_wconf 89' lang='lat' dir='ltr'><strong>sequitur</strong></span> <span class='ocrx_word' id='word_1_275' title='bbox 1435 3240 1443 3278; x_wconf 73' lang='grc' dir='ltr'><strong><em>ε</em></strong></span> <span class='ocrx_word' id='word_1_276' title='bbox 1460 3215 1515 3279; x_wconf 91' lang='lat' dir='ltr'><strong>sed</strong></span> <span class='ocrx_word' id='word_1_277' title='bbox 1531 3218 1671 3279; x_wconf 78' lang='lat' dir='ltr'><strong>loannes</strong></span> <span class='ocrx_word' id='word_1_278' title='bbox 1689 3216 1800 3281; x_wconf 87' lang='lat' dir='ltr'><strong>Scotus</strong></span> 
     </span>
     <span class='ocr_line' id='line_1_25' title="bbox 173 3327 1801 3418; baseline 0.001 -19"><span class='ocrx_word' id='word_1_279' title='bbox 173 3340 207 3402; x_wconf 89' lang='lat' dir='ltr'><strong>id</strong></span> <span class='ocrx_word' id='word_1_280' title='bbox 233 3339 437 3418; x_wconf 89' lang='lat' dir='ltr'><strong>potissimum</strong></span> <span class='ocrx_word' id='word_1_281' title='bbox 464 3354 557 3416; x_wconf 88' lang='lat' dir='ltr'><strong>agere</strong></span> <span class='ocrx_word' id='word_1_282' title='bbox 573 3336 709 3410; x_wconf 84' lang='lat' dir='ltr'><strong>ridetur,</strong></span> <span class='ocrx_word' id='word_1_283' title='bbox 729 3343 774 3412; x_wconf 93' lang='lat' dir='ltr'><strong>ut,</strong></span> <span class='ocrx_word' id='word_1_284' title='bbox 798 3352 900 3418; x_wconf 87' lang='lat' dir='ltr'><strong>quum</strong></span> <span class='ocrx_word' id='word_1_285' title='bbox 918 3335 959 3398; x_wconf 91' lang='lat' dir='ltr'><strong>sit</strong></span> <span class='ocrx_word' id='word_1_286' title='bbox 976 3335 1177 3411; x_wconf 82' lang='lat' dir='ltr'><strong>adversarius</strong></span> <span class='ocrx_word' id='word_1_287' title='bbox 1196 3337 1369 3413; x_wconf 82' lang='lat' dir='ltr'><strong>Paschasii,</strong></span> <span class='ocrx_word' id='word_1_288' title='bbox 1389 3327 1504 3417; x_wconf 85' lang='lat' dir='ltr'><strong>corpus</strong></span> <span class='ocrx_word' id='word_1_289' title='bbox 1522 3338 1668 3402; x_wconf 90' lang='lat' dir='ltr'><strong>naturale</strong></span> <span class='ocrx_word' id='word_1_290' title='bbox 1686 3345 1717 3402; x_wconf 87' lang='lat' dir='ltr'><strong>ot</strong></span> <span class='ocrx_word' id='word_1_291' title='bbox 1733 3356 1801 3402; x_wconf 88' lang='lat' dir='ltr'><strong>cor-</strong></span> 
     </span>
     <span class='ocr_line' id='line_1_26' title="bbox 175 3458 763 3539; baseline 0.002 -21"><span class='ocrx_word' id='word_1_292' title='bbox 175 3478 236 3538; x_wconf 92' lang='lat' dir='ltr'><strong>pus</strong></span> <span class='ocrx_word' id='word_1_293' title='bbox 253 3458 461 3539; x_wconf 85' lang='lat' dir='ltr'><strong>glorificatum</strong></span> <span class='ocrx_word' id='word_1_294' title='bbox 481 3461 578 3537; x_wconf 90' lang='lat' dir='ltr'><strong>probe</strong></span> <span class='ocrx_word' id='word_1_295' title='bbox 593 3458 763 3524; x_wconf 89' lang='lat' dir='ltr'><strong>discernat.</strong></span> 
     </span>
    </p>
   </div>
   <div class='ocr_carea' id='block_1_6' title="bbox 174 3601 1802 3935">
    <p class='ocr_par' dir='ltr' id='par_1_6' title="bbox 174 3601 1802 3935">
     <span class='ocr_line' id='line_1_27' title="bbox 213 3601 1797 3684; baseline 0.006 -20"><span class='ocrx_word' id='word_1_296' title='bbox 213 3601 285 3665; x_wconf 84' lang='lat' dir='ltr'><strong>Noli</strong></span> <span class='ocrx_word' id='word_1_297' title='bbox 302 3606 409 3665; x_wconf 89' lang='lat' dir='ltr'><strong>autem</strong></span> <span class='ocrx_word' id='word_1_298' title='bbox 439 3601 558 3676; x_wconf 90' lang='lat' dir='ltr'><strong>mirari,</strong></span> <span class='ocrx_word' id='word_1_299' title='bbox 585 3603 672 3682; x_wconf 89' lang='lat' dir='ltr'><strong>quod</strong></span> <span class='ocrx_word' id='word_1_300' title='bbox 701 3603 912 3684; x_wconf 77' lang='lat' dir='ltr'><strong>fragmentum</strong></span> <span class='ocrx_word' id='word_1_301' title='bbox 930 3603 970 3666; x_wconf 88' lang='lat' dir='ltr'><strong>do</strong></span> <span class='ocrx_word' id='word_1_302' title='bbox 987 3603 1039 3665; x_wconf 84' lang='lat' dir='ltr'><strong>SS.</strong></span> <span class='ocrx_word' id='word_1_303' title='bbox 1055 3604 1251 3670; x_wconf 81' lang='lat' dir='ltr'><strong>Eucltaristia</strong></span> <span class='ocrx_word' id='word_1_304' title='bbox 1274 3608 1355 3669; x_wconf 79' lang='lat' dir='ltr'><strong>aff.</strong></span> <span class='ocrx_word' id='word_1_305' title='bbox 1382 3609 1418 3670; x_wconf 83' lang='lat' dir='ltr'><strong>F.</strong></span> <span class='ocrx_word' id='word_1_306' title='bbox 1449 3608 1655 3672; x_wconf 78' lang='lat' dir='ltr'><strong>Rcocirrcno</strong></span> <span class='ocrx_word' id='word_1_307' title='bbox 1687 3610 1797 3674; x_wconf 89' lang='lat' dir='ltr'><strong>codice</strong></span> 
     </span>
     <span class='ocr_line' id='line_1_28' title="bbox 176 3719 1802 3815; baseline 0.008 -31"><span class='ocrx_word' id='word_1_308' title='bbox 176 3719 398 3787; x_wconf 65' lang='lat' dir='ltr'><strong>abrincatensi</strong></span> <span class='ocrx_word' id='word_1_309' title='bbox 427 3719 547 3787; x_wconf 87' lang='lat' dir='ltr'><strong>editum</strong></span> <span class='ocrx_word' id='word_1_310' title='bbox 575 3728 733 3809; x_wconf 84' lang='lat' dir='ltr'><strong>llopporta</strong></span> <span class='ocrx_word' id='word_1_311' title='bbox 756 3735 815 3792; x_wconf 86' lang='lat' dir='ltr'><strong>cet.</strong></span> <span class='ocrx_word' id='word_1_312' title='bbox 833 3746 864 3808; x_wconf 90' lang='lat' dir='ltr'><strong>p.</strong></span> <span class='ocrx_word' id='word_1_313' title='bbox 883 3729 942 3803; x_wconf 78' lang='lat'><strong>372</strong></span> <span class='ocrx_word' id='word_1_314' title='bbox 968 3747 1052 3811; x_wconf 76' lang='lat' dir='ltr'><strong>sqq,</strong></span> <span class='ocrx_word' id='word_1_315' title='bbox 1074 3737 1104 3794; x_wconf 87' lang='lat' dir='ltr'><strong>el</strong></span> <span class='ocrx_word' id='word_1_316' title='bbox 1132 3750 1148 3794; x_wconf 93' lang='lat' dir='ltr'><strong>a</strong></span> <span class='ocrx_word' id='word_1_317' title='bbox 1179 3731 1359 3796; x_wconf 83' lang='lat' dir='ltr'><strong>Tallcndier</strong></span> <span class='ocrx_word' id='word_1_318' title='bbox 1371 3736 1446 3797; x_wconf 84' lang='lat' dir='ltr'><strong>Soet</strong></span> <span class='ocrx_word' id='word_1_319' title='bbox 1462 3734 1594 3812; x_wconf 75' lang='lat' dir='ltr'><strong>Eripicc</strong></span> <span class='ocrx_word' id='word_1_320' title='bbox 1609 3742 1670 3797; x_wconf 86' lang='lat' dir='ltr'><strong>cet.</strong></span> <span class='ocrx_word' id='word_1_321' title='bbox 1688 3753 1719 3815; x_wconf 93' lang='lat' dir='ltr'><strong>p.</strong></span> <span class='ocrx_word' id='word_1_322' title='bbox 1744 3737 1802 3798; x_wconf 62' lang='lat' dir='ltr'><strong>alb</strong></span> 
     </span>
     <span class='ocr_line' id='line_1_29' title="bbox 174 3843 1802 3935; baseline 0.004 -21"><span class='ocrx_word' id='word_1_323' title='bbox 174 3854 281 3914; x_wconf 90' lang='lat' dir='ltr'><strong>denuo</strong></span> <span class='ocrx_word' id='word_1_324' title='bbox 300 3850 385 3930; x_wconf 76' lang='lat' dir='ltr'><strong>typis</strong></span> <span class='ocrx_word' id='word_1_325' title='bbox 407 3847 605 3919; x_wconf 92' lang='lat' dir='ltr'><strong>mandatum,</strong></span> <span class='ocrx_word' id='word_1_326' title='bbox 630 3846 663 3907; x_wconf 94' lang='lat' dir='ltr'><strong>in</strong></span> <span class='ocrx_word' id='word_1_327' title='bbox 694 3843 753 3908; x_wconf 87' lang='lat' dir='ltr'><strong>lrac</strong></span> <span class='ocrx_word' id='word_1_328' title='bbox 782 3844 925 3907; x_wconf 90' lang='lat' dir='ltr'><strong>editione</strong></span> <span class='ocrx_word' id='word_1_329' title='bbox 956 3846 1090 3907; x_wconf 91' lang='lat' dir='ltr'><strong>omnino</strong></span> <span class='ocrx_word' id='word_1_330' title='bbox 1109 3847 1321 3925; x_wconf 83' lang='lat' dir='ltr'><strong>negleximus.</strong></span> <span class='ocrx_word' id='word_1_331' title='bbox 1351 3852 1397 3915; x_wconf 86' lang='lat' dir='ltr'><strong>De</strong></span> <span class='ocrx_word' id='word_1_332' title='bbox 1423 3871 1488 3935; x_wconf 93' lang='lat' dir='ltr'><strong>quo</strong></span> <span class='ocrx_word' id='word_1_333' title='bbox 1516 3857 1692 3918; x_wconf 85' lang='lat' dir='ltr'><strong>llataisson</strong></span> <span class='ocrx_word' id='word_1_334' title='bbox 1724 3857 1802 3920; x_wconf 86' lang='lat' dir='ltr'><strong>baec</strong></span> 
     </span>
    </p>
   </div>
   <div class='ocr_carea' id='block_1_7' title="bbox 118 3964 1802 4172">
    <p class='ocr_par' dir='ltr' id='par_1_7' title="bbox 118 3964 1802 4172">
     <span class='ocr_line' id='line_1_30' title="bbox 118 3964 1802 4059; baseline 0.004 -26"><span class='ocrx_word' id='word_1_335' title='bbox 118 3980 124 3991; x_wconf 82' lang='lat'><em>&#39;</em></span> <span class='ocrx_word' id='word_1_336' title='bbox 176 3974 269 4038; x_wconf 83' lang='lat' dir='ltr'><strong>rerba</strong></span> <span class='ocrx_word' id='word_1_337' title='bbox 295 3973 480 4036; x_wconf 77' lang='lat' dir='ltr'><strong>facit:C&#39;est</strong></span> <span class='ocrx_word' id='word_1_338' title='bbox 497 3969 644 4052; x_wconf 73' lang='lat' dir='ltr'><strong>peecare</strong></span> <span class='ocrx_word' id='word_1_339' title='bbox 668 3985 711 4027; x_wconf 87' lang='lat' dir='ltr'><strong>un</strong></span> <span class='ocrx_word' id='word_1_340' title='bbox 727 3966 881 4047; x_wconf 69' lang='lat' dir='ltr'><strong>fragment</strong></span> <span class='ocrx_word' id='word_1_341' title='bbox 905 3964 942 4026; x_wconf 89' lang='lat' dir='ltr'><strong>de</strong></span> <span class='ocrx_word' id='word_1_342' title='bbox 969 3966 1121 4044; x_wconf 72' lang='lat' dir='ltr'><strong>Birenqer</strong></span> <span class='ocrx_word' id='word_1_343' title='bbox 1135 3964 1171 4027; x_wconf 88' lang='lat' dir='ltr'><strong>de</strong></span> <span class='ocrx_word' id='word_1_344' title='bbox 1188 3968 1300 4044; x_wconf 82' lang='lat' dir='ltr'><strong>Teura,</strong></span> <span class='ocrx_word' id='word_1_345' title='bbox 1327 3977 1481 4050; x_wconf 70' lang='lat' dir='ltr'><strong>peut-atre</strong></span> <span class='ocrx_word' id='word_1_346' title='bbox 1509 3977 1546 4040; x_wconf 83' lang='lat' dir='ltr'><strong>tle</strong></span> <span class='ocrx_word' id='word_1_347' title='bbox 1569 3977 1644 4040; x_wconf 86' lang='lat' dir='ltr'><strong>Scot</strong></span> <span class='ocrx_word' id='word_1_348' title='bbox 1670 3980 1802 4059; x_wconf 79' lang='lat' dir='ltr'><strong>Eripine</strong></span> 
     </span>
     <span class='ocr_line' id='line_1_31' title="bbox 175 4081 1798 4172; baseline 0.004 -19"><span class='ocrx_word' id='word_1_349' title='bbox 175 4091 251 4153; x_wconf 83' lang='lat' dir='ltr'><strong>doct</strong></span> <span class='ocrx_word' id='word_1_350' title='bbox 269 4091 297 4154; x_wconf 91' lang='lat' dir='ltr'><strong>le</strong></span> <span class='ocrx_word' id='word_1_351' title='bbox 323 4090 389 4152; x_wconf 79' lang='lat' dir='ltr'><strong>ede</strong></span> <span class='ocrx_word' id='word_1_352' title='bbox 412 4108 545 4170; x_wconf 87' lang='lat' dir='ltr'><strong>corpore</strong></span> <span class='ocrx_word' id='word_1_353' title='bbox 567 4084 696 4148; x_wconf 81' lang='lat' dir='ltr'><strong>Domini</strong></span> <span class='ocrx_word' id='word_1_354' title='bbox 714 4108 727 4140; x_wconf 74' lang='lat' dir='ltr'><strong>a</strong></span> <span class='ocrx_word' id='word_1_355' title='bbox 748 4092 791 4144; x_wconf 82' lang='lat' dir='ltr'><strong>eat</strong></span> <span class='ocrx_word' id='word_1_356' title='bbox 808 4081 921 4162; x_wconf 69' lang='lat' dir='ltr'><strong>perdo</strong></span> <span class='ocrx_word' id='word_1_357' title='bbox 942 4089 982 4144; x_wconf 82' lang='lat' dir='ltr'><strong>at</strong></span> <span class='ocrx_word' id='word_1_358' title='bbox 1006 4082 1110 4144; x_wconf 84' lang='lat' dir='ltr'><strong>virum</strong></span> <span class='ocrx_word' id='word_1_359' title='bbox 1126 4083 1164 4145; x_wconf 92' lang='lat' dir='ltr'><strong>cl.</strong></span> <span class='ocrx_word' id='word_1_360' title='bbox 1180 4100 1254 4163; x_wconf 87' lang='lat' dir='ltr'><strong>spos</strong></span> <span class='ocrx_word' id='word_1_361' title='bbox 1271 4086 1394 4152; x_wconf 87' lang='lat' dir='ltr'><strong>fefellit.</strong></span> <span class='ocrx_word' id='word_1_362' title='bbox 1417 4094 1492 4154; x_wconf 88' lang='lat' dir='ltr'><strong>Nam</strong></span> <span class='ocrx_word' id='word_1_363' title='bbox 1512 4101 1559 4157; x_wconf 91' lang='lat' dir='ltr'><strong>est</strong></span> <span class='ocrx_word' id='word_1_364' title='bbox 1583 4093 1798 4172; x_wconf 81' lang='lat' dir='ltr'><strong>fragmentum</strong></span> 
     </span>
    </p>
   </div>
   <div class='ocr_carea' id='block_1_8' title="bbox 174 4198 1802 4413">
    <p class='ocr_par' dir='ltr' id='par_1_8' title="bbox 174 4198 1802 4413">
     <span class='ocr_line' id='line_1_32' title="bbox 175 4198 1802 4294; baseline -0.009 -18"><span class='ocrx_word' id='word_1_365' title='bbox 175 4212 248 4276; x_wconf 92' lang='lat' dir='ltr'><strong>libri</strong></span> <span class='ocrx_word' id='word_1_366' title='bbox 266 4210 484 4275; x_wconf 86' lang='lat' dir='ltr'><strong>Ratramuiani</strong></span> <span class='ocrx_word' id='word_1_367' title='bbox 503 4205 624 4272; x_wconf 86' lang='lat' dir='ltr'><strong>centies</strong></span> <span class='ocrx_word' id='word_1_368' title='bbox 644 4200 729 4284; x_wconf 79' lang='lat' dir='ltr'><strong>typis</strong></span> <span class='ocrx_word' id='word_1_369' title='bbox 753 4198 893 4280; x_wconf 89' lang='lat' dir='ltr'><strong>repetiti,</strong></span> <span class='ocrx_word' id='word_1_370' title='bbox 911 4216 977 4279; x_wconf 92' lang='lat' dir='ltr'><strong>quo</strong></span> <span class='ocrx_word' id='word_1_371' title='bbox 1005 4199 1072 4261; x_wconf 86' lang='lat' dir='ltr'><strong>iore</strong></span> <span class='ocrx_word' id='word_1_372' title='bbox 1086 4200 1204 4263; x_wconf 85' lang='lat' dir='ltr'><strong>medio</strong></span> <span class='ocrx_word' id='word_1_373' title='bbox 1218 4201 1256 4263; x_wconf 89' lang='lat' dir='ltr'><strong>ad</strong></span> <span class='ocrx_word' id='word_1_374' title='bbox 1279 4206 1409 4272; x_wconf 83' lang='lat' dir='ltr'><strong>verbum</strong></span> <span class='ocrx_word' id='word_1_375' title='bbox 1437 4218 1551 4279; x_wconf 78' lang='lat' dir='ltr'><strong>exstat.</strong></span> <span class='ocrx_word' id='word_1_376' title='bbox 1573 4212 1607 4274; x_wconf 94' lang='lat' dir='ltr'><strong>ld</strong></span> <span class='ocrx_word' id='word_1_377' title='bbox 1626 4217 1714 4294; x_wconf 79' lang='lat' dir='ltr'><strong>quod</strong></span> <span class='ocrx_word' id='word_1_378' title='bbox 1737 4216 1802 4279; x_wconf 58' lang='lat' dir='ltr'><strong>edi.</strong></span> 
     </span>
     <span class='ocr_line' id='line_1_33' title="bbox 174 4324 763 4413; baseline -0.017 -18"><span class='ocrx_word' id='word_1_379' title='bbox 174 4345 261 4399; x_wconf 83' lang='lat' dir='ltr'><strong>rores</strong></span> <span class='ocrx_word' id='word_1_380' title='bbox 276 4331 316 4397; x_wconf 91' lang='lat' dir='ltr'><strong>cl.</strong></span> <span class='ocrx_word' id='word_1_381' title='bbox 334 4347 467 4413; x_wconf 85' lang='lat' dir='ltr'><strong>prorsus</strong></span> <span class='ocrx_word' id='word_1_382' title='bbox 482 4328 606 4410; x_wconf 82' lang='lat' dir='ltr'><strong>fugisse</strong></span> <span class='ocrx_word' id='word_1_383' title='bbox 622 4324 763 4390; x_wconf 82' lang='lat' dir='ltr'><strong>videtur.</strong></span> 
     </span>
    </p>
   </div>
   <div class='ocr_carea' id='block_1_9' title="bbox 226 4444 1798 4557">
    <p class='ocr_par' dir='ltr' id='par_1_9' title="bbox 226 4444 1798 4557">
     <span class='ocr_line' id='line_1_34' title="bbox 226 4444 1798 4557; baseline 0.004 -21"><span class='ocrx_word' id='word_1_384' title='bbox 226 4472 305 4551; x_wconf 71' lang='lat'>§19-</span> <span class='ocrx_word' id='word_1_385' title='bbox 322 4473 392 4535; x_wconf 86' lang='lat' dir='ltr'><strong>lam</strong></span> <span class='ocrx_word' id='word_1_386' title='bbox 417 4444 512 4535; x_wconf 83' lang='lat' dir='ltr'><strong>tertio</strong></span> <span class='ocrx_word' id='word_1_387' title='bbox 532 4470 602 4534; x_wconf 92' lang='lat' dir='ltr'><strong>loco</strong></span> <span class='ocrx_word' id='word_1_388' title='bbox 612 4469 646 4532; x_wconf 92' lang='lat' dir='ltr'><strong>id</strong></span> <span class='ocrx_word' id='word_1_389' title='bbox 668 4463 914 4546; x_wconf 76' lang='lat' dir='ltr'><strong>expiandendum</strong></span> <span class='ocrx_word' id='word_1_390' title='bbox 932 4465 1040 4533; x_wconf 90' lang='lat' dir='ltr'><strong>restat,</strong></span> <span class='ocrx_word' id='word_1_391' title='bbox 1058 4461 1146 4541; x_wconf 87' lang='lat' dir='ltr'><strong>quod</strong></span> <span class='ocrx_word' id='word_1_392' title='bbox 1163 4478 1227 4526; x_wconf 95' lang='lat' dir='ltr'><strong>non</strong></span> <span class='ocrx_word' id='word_1_393' title='bbox 1252 4463 1359 4527; x_wconf 90' lang='lat' dir='ltr'><strong>minus</strong></span> <span class='ocrx_word' id='word_1_394' title='bbox 1383 4476 1432 4531; x_wconf 90' lang='lat' dir='ltr'><strong>est</strong></span> <span class='ocrx_word' id='word_1_395' title='bbox 1463 4469 1592 4537; x_wconf 85' lang='lat' dir='ltr'><strong>difficile</strong></span> <span class='ocrx_word' id='word_1_396' title='bbox 1625 4474 1798 4557; x_wconf 63' lang='lat' dir='ltr'><strong>exploditur</strong></span> 
     </span>
    </p>
   </div>
   <div class='ocr_carea' id='block_1_10' title="bbox 175 4580 1800 4778">
    <p class='ocr_par' dir='ltr' id='par_1_10' title="bbox 175 4580 1800 4778">
     <span class='ocr_line' id='line_1_35' title="bbox 175 4580 1798 4690; baseline -0.001 -30"><span class='ocrx_word' id='word_1_397' title='bbox 175 4597 281 4677; x_wconf 91' lang='lat' dir='ltr'><strong>qualis</strong></span> <span class='ocrx_word' id='word_1_398' title='bbox 296 4597 452 4663; x_wconf 83' lang='lat' dir='ltr'><strong>loannem</strong></span> <span class='ocrx_word' id='word_1_399' title='bbox 469 4592 598 4653; x_wconf 85' lang='lat' dir='ltr'><strong>Scotum</strong></span> <span class='ocrx_word' id='word_1_400' title='bbox 615 4590 699 4650; x_wconf 89' lang='lat' dir='ltr'><strong>inter</strong></span> <span class='ocrx_word' id='word_1_401' title='bbox 715 4593 745 4646; x_wconf 93' lang='lat' dir='ltr'><strong>et</strong></span> <span class='ocrx_word' id='word_1_402' title='bbox 756 4580 952 4662; x_wconf 79' lang='lat' dir='ltr'><strong>Byzantinos</strong></span> <span class='ocrx_word' id='word_1_403' title='bbox 971 4581 1042 4658; x_wconf 90' lang='lat' dir='ltr'><strong>ejus</strong></span> <span class='ocrx_word' id='word_1_404' title='bbox 1061 4582 1213 4661; x_wconf 89' lang='lat' dir='ltr'><strong>temporis</strong></span> <span class='ocrx_word' id='word_1_405' title='bbox 1235 4587 1439 4651; x_wconf 82' lang='lat' dir='ltr'><strong>necessitudo</strong></span> <span class='ocrx_word' id='word_1_406' title='bbox 1454 4593 1622 4657; x_wconf 86' lang='lat' dir='ltr'><strong>exstiterit.</strong></span> <span class='ocrx_word' id='word_1_407' title='bbox 1641 4597 1710 4660; x_wconf 90' lang='lat' dir='ltr'><strong>lloc</strong></span> <span class='ocrx_word' id='word_1_408' title='bbox 1727 4598 1798 4690; x_wconf 79' lang='lat' dir='ltr'><strong>qui·¹</strong></span> 
     </span>
     <span class='ocr_line' id='line_1_36' title="bbox 179 4696 1800 4778; baseline 0.001 -1"><span class='ocrx_word' id='word_1_409' title='bbox 179 4717 252 4777; x_wconf 86' lang='lat' dir='ltr'><strong>dem</strong></span> <span class='ocrx_word' id='word_1_410' title='bbox 277 4712 338 4773; x_wconf 92' lang='lat' dir='ltr'><strong>sub</strong></span> <span class='ocrx_word' id='word_1_411' title='bbox 366 4710 487 4773; x_wconf 89' lang='lat' dir='ltr'><strong>nullam</strong></span> <span class='ocrx_word' id='word_1_412' title='bbox 516 4702 749 4769; x_wconf 90' lang='lat' dir='ltr'><strong>dubitationem</strong></span> <span class='ocrx_word' id='word_1_413' title='bbox 772 4699 869 4772; x_wconf 88' lang='lat' dir='ltr'><strong>cadit,</strong></span> <span class='ocrx_word' id='word_1_414' title='bbox 894 4696 1049 4759; x_wconf 85' lang='lat' dir='ltr'><strong>loannem</strong></span> <span class='ocrx_word' id='word_1_415' title='bbox 1075 4696 1203 4760; x_wconf 88' lang='lat' dir='ltr'><strong>Scotum</strong></span> <span class='ocrx_word' id='word_1_416' title='bbox 1219 4697 1253 4760; x_wconf 91' lang='lat' dir='ltr'><strong>in</strong></span> <span class='ocrx_word' id='word_1_417' title='bbox 1281 4697 1363 4763; x_wconf 93' lang='lat' dir='ltr'><strong>libro</strong></span> <span class='ocrx_word' id='word_1_418' title='bbox 1381 4700 1417 4762; x_wconf 89' lang='lat' dir='ltr'><strong>de</strong></span> <span class='ocrx_word' id='word_1_419' title='bbox 1432 4702 1584 4772; x_wconf 80' lang='lat' dir='ltr'><strong>divisione</strong></span> <span class='ocrx_word' id='word_1_420' title='bbox 1604 4711 1744 4776; x_wconf 83' lang='lat' dir='ltr'><strong>Naturae</strong></span> <span class='ocrx_word' id='word_1_421' title='bbox 1764 4717 1800 4778; x_wconf 88' lang='lat' dir='ltr'><strong>dc</strong></span> 
     </span>
    </p>
   </div>
   <div class='ocr_carea' id='block_1_11' title="bbox 176 4818 1801 5037">
    <p class='ocr_par' dir='ltr' id='par_1_11' title="bbox 176 4818 1801 5037">
     <span class='ocr_line' id='line_1_37' title="bbox 177 4818 1796 4912; baseline -0.002 -19"><span class='ocrx_word' id='word_1_422' title='bbox 177 4831 433 4912; x_wconf 79' lang='lat' dir='ltr'><strong>processiones.</strong></span> <span class='ocrx_word' id='word_1_423' title='bbox 456 4827 593 4908; x_wconf 84' lang='lat' dir='ltr'><strong>Spiritus</strong></span> <span class='ocrx_word' id='word_1_424' title='bbox 621 4822 721 4899; x_wconf 86' lang='lat' dir='ltr'><strong>magis</strong></span> <span class='ocrx_word' id='word_1_425' title='bbox 747 4823 812 4885; x_wconf 87' lang='lat' dir='ltr'><strong>fero</strong></span> <span class='ocrx_word' id='word_1_426' title='bbox 827 4822 1023 4883; x_wconf 84' lang='lat' dir='ltr'><strong>Graecorum</strong></span> <span class='ocrx_word' id='word_1_427' title='bbox 1048 4818 1238 4899; x_wconf 89' lang='lat' dir='ltr'><strong>adstipulari</strong></span> <span class='ocrx_word' id='word_1_428' title='bbox 1266 4819 1445 4898; x_wconf 89' lang='lat' dir='ltr'><strong>doctrinae,</strong></span> <span class='ocrx_word' id='word_1_429' title='bbox 1471 4844 1567 4906; x_wconf 91' lang='lat' dir='ltr'><strong>quam</strong></span> <span class='ocrx_word' id='word_1_430' title='bbox 1596 4832 1796 4896; x_wconf 78' lang='lat' dir='ltr'><strong>Latinorum.</strong></span> 
     </span>
     <span class='ocr_line' id='line_1_38' title="bbox 176 4943 1801 5037; baseline -0.001 -18"><span class='ocrx_word' id='word_1_431' title='bbox 176 4960 290 5037; x_wconf 84' lang='lat' dir='ltr'><strong>tloque</strong></span> <span class='ocrx_word' id='word_1_432' title='bbox 304 4972 368 5019; x_wconf 94' lang='lat' dir='ltr'><strong>non</strong></span> <span class='ocrx_word' id='word_1_433' title='bbox 383 4956 505 5037; x_wconf 86' lang='lat' dir='ltr'><strong>ubique</strong></span> <span class='ocrx_word' id='word_1_434' title='bbox 518 4953 710 5015; x_wconf 85' lang='lat' dir='ltr'><strong>Graecorum</strong></span> <span class='ocrx_word' id='word_1_435' title='bbox 726 4947 917 5027; x_wconf 86' lang='lat' dir='ltr'><strong>sapientiam</strong></span> <span class='ocrx_word' id='word_1_436' title='bbox 930 4944 1079 5008; x_wconf 90' lang='lat' dir='ltr'><strong>laudibus</strong></span> <span class='ocrx_word' id='word_1_437' title='bbox 1096 4943 1232 5013; x_wconf 76' lang='lat' dir='ltr'><strong>extollit.</strong></span> <span class='ocrx_word' id='word_1_438' title='bbox 1249 4945 1380 5025; x_wconf 87' lang='lat' dir='ltr'><strong>Semper</strong></span> <span class='ocrx_word' id='word_1_439' title='bbox 1396 4962 1489 5012; x_wconf 87' lang='lat' dir='ltr'><strong>suam</strong></span> <span class='ocrx_word' id='word_1_440' title='bbox 1504 4967 1575 5012; x_wconf 88' lang='lat' dir='ltr'><strong>cum</strong></span> <span class='ocrx_word' id='word_1_441' title='bbox 1592 4954 1716 5030; x_wconf 86' lang='lat' dir='ltr'><strong>graecis</strong></span> <span class='ocrx_word' id='word_1_442' title='bbox 1733 4953 1801 5017; x_wconf 88' lang='lat' dir='ltr'><strong>lite·</strong></span> 
     </span>
    </p>
   </div>
   <div class='ocr_carea' id='block_1_12' title="bbox 59 5069 1802 5169">
    <p class='ocr_par' dir='ltr' id='par_1_12' title="bbox 59 5069 1802 5169">
     <span class='ocr_line' id='line_1_39' title="bbox 59 5069 1802 5169; baseline -0.001 -25"><span class='ocrx_word' id='word_1_443' title='bbox 59 5156 64 5169; x_wconf 30' lang='lat'><strong><em>¹</em></strong></span> <span class='ocrx_word' id='word_1_444' title='bbox 176 5081 222 5144; x_wconf 86' lang='lat' dir='ltr'><strong>ris</strong></span> <span class='ocrx_word' id='word_1_445' title='bbox 236 5077 484 5147; x_wconf 89' lang='lat' dir='ltr'><strong>familiaritatem</strong></span> <span class='ocrx_word' id='word_1_446' title='bbox 501 5074 675 5153; x_wconf 91' lang='lat' dir='ltr'><strong>inscriptis</strong></span> <span class='ocrx_word' id='word_1_447' title='bbox 694 5072 763 5135; x_wconf 90' lang='lat' dir='ltr'><strong>suis</strong></span> <span class='ocrx_word' id='word_1_448' title='bbox 786 5087 861 5151; x_wconf 89' lang='lat' dir='ltr'><strong>prae</strong></span> <span class='ocrx_word' id='word_1_449' title='bbox 885 5087 920 5135; x_wconf 86' lang='lat' dir='ltr'><strong>so</strong></span> <span class='ocrx_word' id='word_1_450' title='bbox 945 5069 1017 5145; x_wconf 89' lang='lat' dir='ltr'><strong>fort,</strong></span> <span class='ocrx_word' id='word_1_451' title='bbox 1033 5078 1064 5133; x_wconf 91' lang='lat' dir='ltr'><strong>et</strong></span> <span class='ocrx_word' id='word_1_452' title='bbox 1081 5070 1173 5150; x_wconf 92' lang='lat' dir='ltr'><strong>quasi</strong></span> <span class='ocrx_word' id='word_1_453' title='bbox 1188 5088 1206 5132; x_wconf 92' lang='lat' dir='ltr'><strong>a</strong></span> <span class='ocrx_word' id='word_1_454' title='bbox 1220 5069 1350 5134; x_wconf 85' lang='lat' dir='ltr'><strong>Graecis</strong></span> <span class='ocrx_word' id='word_1_455' title='bbox 1365 5076 1470 5138; x_wconf 81' lang='lat' dir='ltr'><strong>omnis</strong></span> <span class='ocrx_word' id='word_1_456' title='bbox 1488 5078 1621 5142; x_wconf 90' lang='lat' dir='ltr'><strong>omnino</strong></span> <span class='ocrx_word' id='word_1_457' title='bbox 1646 5080 1802 5160; x_wconf 87' lang='lat' dir='ltr'><strong>sapientia</strong></span> 
     </span>
    </p>
   </div>
   <div class='ocr_carea' id='block_1_13' title="bbox 175 5193 1406 5287">
    <p class='ocr_par' dir='ltr' id='par_1_13' title="bbox 175 5193 1406 5287">
     <span class='ocr_line' id='line_1_40' title="bbox 175 5193 1406 5287; baseline -0.012 -18"><span class='ocrx_word' id='word_1_458' title='bbox 175 5204 315 5287; x_wconf 87' lang='lat' dir='ltr'><strong>petenda</strong></span> <span class='ocrx_word' id='word_1_459' title='bbox 331 5204 384 5277; x_wconf 89' lang='lat' dir='ltr'><strong>sit,</strong></span> <span class='ocrx_word' id='word_1_460' title='bbox 402 5200 517 5267; x_wconf 87' lang='lat' dir='ltr'><strong>trorum</strong></span> <span class='ocrx_word' id='word_1_461' title='bbox 531 5198 658 5262; x_wconf 89' lang='lat' dir='ltr'><strong>laudem</strong></span> <span class='ocrx_word' id='word_1_462' title='bbox 674 5195 794 5276; x_wconf 90' lang='lat' dir='ltr'><strong>ubique</strong></span> <span class='ocrx_word' id='word_1_463' title='bbox 811 5193 992 5275; x_wconf 86' lang='lat' dir='ltr'><strong>praeconiis</strong></span> <span class='ocrx_word' id='word_1_464' title='bbox 1007 5194 1214 5276; x_wconf 87' lang='lat' dir='ltr'><strong>amplissimis</strong></span> <span class='ocrx_word' id='word_1_465' title='bbox 1230 5195 1406 5274; x_wconf 89' lang='lat' dir='ltr'><strong>praedicat.</strong></span> 
     </span>
    </p>
   </div>
   <div class='ocr_carea' id='block_1_14' title="bbox 177 5330 1806 5777">
    <p class='ocr_par' dir='ltr' id='par_1_14' title="bbox 177 5330 1806 5777">
     <span class='ocr_line' id='line_1_41' title="bbox 216 5330 1799 5432; baseline -0.008 -15"><span class='ocrx_word' id='word_1_466' title='bbox 216 5330 325 5431; x_wconf 83' lang='lat' dir='ltr'><strong>Quum</strong></span> <span class='ocrx_word' id='word_1_467' title='bbox 354 5351 450 5432; x_wconf 89' lang='lat' dir='ltr'><strong>igitur</strong></span> <span class='ocrx_word' id='word_1_468' title='bbox 473 5351 613 5412; x_wconf 83' lang='lat' dir='ltr'><strong>loannes</strong></span> <span class='ocrx_word' id='word_1_469' title='bbox 625 5343 736 5407; x_wconf 85' lang='lat' dir='ltr'><strong>Scotus</strong></span> <span class='ocrx_word' id='word_1_470' title='bbox 751 5340 835 5423; x_wconf 89' lang='lat' dir='ltr'><strong>apud</strong></span> <span class='ocrx_word' id='word_1_471' title='bbox 848 5340 996 5404; x_wconf 89' lang='lat' dir='ltr'><strong>Carolum</strong></span> <span class='ocrx_word' id='word_1_472' title='bbox 1013 5339 1146 5404; x_wconf 82' lang='lat' dir='ltr'><strong>Cultum</strong></span> <span class='ocrx_word' id='word_1_473' title='bbox 1164 5339 1351 5403; x_wconf 89' lang='lat' dir='ltr'><strong>auctoritato</strong></span> <span class='ocrx_word' id='word_1_474' title='bbox 1381 5357 1439 5402; x_wconf 90' lang='lat' dir='ltr'><strong>sua</strong></span> <span class='ocrx_word' id='word_1_475' title='bbox 1457 5341 1633 5421; x_wconf 88' lang='lat' dir='ltr'><strong>plurimum</strong></span> <span class='ocrx_word' id='word_1_476' title='bbox 1649 5342 1799 5422; x_wconf 82' lang='lat' dir='ltr'><strong>polleret,</strong></span> 
     </span>
     <span class='ocr_line' id='line_1_42' title="bbox 177 5457 1806 5551; baseline -0.004 -20"><span class='ocrx_word' id='word_1_477' title='bbox 177 5468 268 5551; x_wconf 93' lang='lat' dir='ltr'><strong>quid,</strong></span> <span class='ocrx_word' id='word_1_478' title='bbox 283 5469 310 5531; x_wconf 90' lang='lat' dir='ltr'><strong>si</strong></span> <span class='ocrx_word' id='word_1_479' title='bbox 325 5469 469 5544; x_wconf 75' lang='lat' dir='ltr'><strong>l‘lrotius,</strong></span> <span class='ocrx_word' id='word_1_480' title='bbox 485 5464 563 5546; x_wconf 93' lang='lat' dir='ltr'><strong>quid</strong></span> <span class='ocrx_word' id='word_1_481' title='bbox 591 5462 618 5526; x_wconf 90' lang='lat' dir='ltr'><strong>si</strong></span> <span class='ocrx_word' id='word_1_482' title='bbox 635 5461 814 5542; x_wconf 82' lang='lat' dir='ltr'><strong>Byzantini,</strong></span> <span class='ocrx_word' id='word_1_483' title='bbox 831 5461 888 5541; x_wconf 71' lang='lat' dir='ltr'><strong>(qui</strong></span> <span class='ocrx_word' id='word_1_484' title='bbox 915 5476 953 5524; x_wconf 93' lang='lat' dir='ltr'><strong>eo</strong></span> <span class='ocrx_word' id='word_1_485' title='bbox 970 5469 1113 5541; x_wconf 85' lang='lat' dir='ltr'><strong>tempore</strong></span> <span class='ocrx_word' id='word_1_486' title='bbox 1136 5459 1275 5522; x_wconf 86' lang='lat' dir='ltr'><strong>schisma</strong></span> <span class='ocrx_word' id='word_1_487' title='bbox 1294 5457 1521 5532; x_wconf 86' lang='lat' dir='ltr'><strong>moliebantur,</strong></span> <span class='ocrx_word' id='word_1_488' title='bbox 1548 5460 1689 5521; x_wconf 89' lang='lat' dir='ltr'><strong>aulicum</strong></span> <span class='ocrx_word' id='word_1_489' title='bbox 1708 5462 1806 5524; x_wconf 86' lang='lat' dir='ltr'><strong>Grac·</strong></span> 
     </span>
     <span class='ocr_line' id='line_1_43' title="bbox 178 5577 1806 5663; baseline -0.002 -13"><span class='ocrx_word' id='word_1_490' title='bbox 178 5600 289 5650; x_wconf 92' lang='lat' dir='ltr'><strong>corum</strong></span> <span class='ocrx_word' id='word_1_491' title='bbox 307 5586 574 5650; x_wconf 91' lang='lat' dir='ltr'><strong>amantissimum</strong></span> <span class='ocrx_word' id='word_1_492' title='bbox 595 5588 626 5645; x_wconf 92' lang='lat' dir='ltr'><strong>et</strong></span> <span class='ocrx_word' id='word_1_493' title='bbox 653 5588 904 5663; x_wconf 85' lang='lat' dir='ltr'><strong>praepotentem,</strong></span> <span class='ocrx_word' id='word_1_494' title='bbox 932 5581 966 5644; x_wconf 91' lang='lat' dir='ltr'><strong>in</strong></span> <span class='ocrx_word' id='word_1_495' title='bbox 985 5598 1059 5645; x_wconf 90' lang='lat' dir='ltr'><strong>suas</strong></span> <span class='ocrx_word' id='word_1_496' title='bbox 1075 5584 1181 5658; x_wconf 87' lang='lat' dir='ltr'><strong>partos</strong></span> <span class='ocrx_word' id='word_1_497' title='bbox 1204 5577 1330 5642; x_wconf 89' lang='lat' dir='ltr'><strong>trabere</strong></span> <span class='ocrx_word' id='word_1_498' title='bbox 1354 5579 1460 5642; x_wconf 88' lang='lat' dir='ltr'><strong>conati</strong></span> <span class='ocrx_word' id='word_1_499' title='bbox 1480 5581 1570 5644; x_wconf 79' lang='lat' dir='ltr'><strong>sint?</strong></span> <span class='ocrx_word' id='word_1_500' title='bbox 1587 5582 1655 5646; x_wconf 82' lang='lat' dir='ltr'><strong>Etsi</strong></span> <span class='ocrx_word' id='word_1_501' title='bbox 1674 5584 1806 5663; x_wconf 82' lang='lat' dir='ltr'><strong>quidem</strong></span> 
     </span>
     <span class='ocr_line' id='line_1_44' title="bbox 179 5696 1806 5777; baseline -0.001 -9"><span class='ocrx_word' id='word_1_502' title='bbox 179 5702 219 5775; x_wconf 86' lang='lat' dir='ltr'><strong>da</strong></span> <span class='ocrx_word' id='word_1_503' title='bbox 245 5703 303 5767; x_wconf 93' lang='lat' dir='ltr'><strong>lrac</strong></span> <span class='ocrx_word' id='word_1_504' title='bbox 331 5722 365 5768; x_wconf 88' lang='lat' dir='ltr'><strong>re</strong></span> <span class='ocrx_word' id='word_1_505' title='bbox 387 5705 465 5769; x_wconf 91' lang='lat' dir='ltr'><strong>corti</strong></span> <span class='ocrx_word' id='word_1_506' title='bbox 492 5696 537 5766; x_wconf 88' lang='lat' dir='ltr'><strong>ilil</strong></span> <span class='ocrx_word' id='word_1_507' title='bbox 554 5708 688 5777; x_wconf 90' lang='lat' dir='ltr'><strong>constet,</strong></span> <span class='ocrx_word' id='word_1_508' title='bbox 710 5700 770 5764; x_wconf 90' lang='lat' dir='ltr'><strong>boc</strong></span> <span class='ocrx_word' id='word_1_509' title='bbox 798 5706 901 5764; x_wconf 88' lang='lat' dir='ltr'><strong>tamen</strong></span> <span class='ocrx_word' id='word_1_510' title='bbox 920 5699 997 5763; x_wconf 90' lang='lat' dir='ltr'><strong>satis</strong></span> <span class='ocrx_word' id='word_1_511' title='bbox 1030 5702 1228 5776; x_wconf 86' lang='lat' dir='ltr'><strong>compertum</strong></span> <span class='ocrx_word' id='word_1_512' title='bbox 1246 5702 1305 5770; x_wconf 88' lang='lat' dir='ltr'><strong>est,</strong></span> <span class='ocrx_word' id='word_1_513' title='bbox 1335 5697 1490 5762; x_wconf 79' lang='lat' dir='ltr'><strong>loannem</strong></span> <span class='ocrx_word' id='word_1_514' title='bbox 1518 5704 1659 5775; x_wconf 88' lang='lat' dir='ltr'><strong>Scotum,</strong></span> <span class='ocrx_word' id='word_1_515' title='bbox 1686 5705 1713 5764; x_wconf 94' lang='lat' dir='ltr'><strong>si</strong></span> <span class='ocrx_word' id='word_1_516' title='bbox 1742 5722 1806 5767; x_wconf 91' lang='lat' dir='ltr'><strong>non</strong></span> 
     </span>
    </p>
   </div>
   <div class='ocr_carea' id='block_1_15' title="bbox 178 5821 1809 5922">
    <p class='ocr_par' dir='ltr' id='par_1_15' title="bbox 178 5821 1809 5922">
     <span class='ocr_line' id='line_1_45' title="bbox 178 5821 1809 5922; baseline -0.006 -28"><span class='ocrx_word' id='word_1_517' title='bbox 178 5844 302 5922; x_wconf 71' lang='lat' dir='ltr'><strong>reapse,</strong></span> <span class='ocrx_word' id='word_1_518' title='bbox 320 5835 425 5900; x_wconf 83' lang='lat' dir='ltr'><strong>tamon</strong></span> <span class='ocrx_word' id='word_1_519' title='bbox 448 5830 655 5899; x_wconf 88' lang='lat' dir='ltr'><strong>inclinatione</strong></span> <span class='ocrx_word' id='word_1_520' title='bbox 676 5830 792 5897; x_wconf 88' lang='lat' dir='ltr'><strong>mentis</strong></span> <span class='ocrx_word' id='word_1_521' title='bbox 821 5844 839 5895; x_wconf 89' lang='lat' dir='ltr'><strong>a</strong></span> <span class='ocrx_word' id='word_1_522' title='bbox 864 5825 971 5892; x_wconf 87' lang='lat' dir='ltr'><strong>Photii</strong></span> <span class='ocrx_word' id='word_1_523' title='bbox 994 5822 1136 5904; x_wconf 90' lang='lat' dir='ltr'><strong>partibus</strong></span> <span class='ocrx_word' id='word_1_524' title='bbox 1161 5822 1299 5886; x_wconf 82' lang='lat' dir='ltr'><strong>stetisse.</strong></span> <span class='ocrx_word' id='word_1_525' title='bbox 1314 5821 1406 5895; x_wconf 84' lang='lat' dir='ltr'><strong>Quod</strong></span> <span class='ocrx_word' id='word_1_526' title='bbox 1426 5838 1535 5887; x_wconf 83' lang='lat' dir='ltr'><strong>versus</strong></span> <span class='ocrx_word' id='word_1_527' title='bbox 1562 5822 1694 5904; x_wconf 76' lang='lat' dir='ltr'><strong>pessimi</strong></span> <span class='ocrx_word' id='word_1_528' title='bbox 1711 5839 1809 5905; x_wconf 64' lang='lat' dir='ltr'><strong>arigu-⁴</strong></span> 
     </span>
    </p>
   </div>
   <div class='ocr_carea' id='block_1_16' title="bbox 0 0 1998 6532">
    <p class='ocr_par' dir='ltr' id='par_1_16' title="bbox 0 0 1998 6532">
     <span class='ocr_line' id='line_1_46' title="bbox 0 0 1998 6532; baseline 0 0"><span class='ocrx_word' id='word_1_529' title='bbox 0 0 1998 6532; x_wconf 95' lang='lat' dir='ltr'><strong> </strong></span> 
     </span>
    </p>
   </div>
  </div>
 </body>
</html>
