3984 6534
182 378 235 442 sn
526 357 531 369 '
859 375 1118 439 totamsscort
1195 384 1213 400 ..
1297 360 1303 373 ’
1379 354 1412 367 ”
1491 352 1572 400 2¹⁶¹
1761 363 1811 427 us

183 505 319 554 tatemer
335 493 421 568 ipsius
438 489 590 552 Divinitatis
611 493 722 551 remotis
740 491 830 550 causis
845 493 867 560 ¹,
878 493 975 564 cujus¹
990 503 1014 561 Α
1028 500 1075 546 out
1088 490 1236 547 sacerdotes
1251 504 1367 562 purgans
1388 495 1434 543 out
1458 484 1624 548 illuminans,
1643 477 1704 552 ipss
1725 477 1816 533 dicitur

182 601 278 644 omnes
297 600 390 643 sacros
409 586 560 642 intellectus
581 584 843 656 superessentialiter
856 584 971 655 perficit.
1004 598 1137 655 purpure
1155 591 1180 637 er
1197 581 1356 647 illuminare,
1372 595 1419 652 per
1433 579 1517 649 ipsam
1537 571 1658 646 pergatis
1673 569 1828 680 ordinibus!

182 677 210 731 fn
226 675 319 733 00110Ι
335 687 423 733 tamen
437 679 519 733 distat
528 693 633 734 sensus.
643 676 742 732 Deinde
748 693 781 731 ea
793 676 913 731 secundis
928 683 974 729 aut
1024 691 1070 744 per
1083 690 1110 728 se
1122 675 1150 728 in
1167 674 1281 744 scipsum
1297 670 1476 743 reponentibus
1489 665 1610 740 proprias
1624 676 1721 718 sacros
1733 675 1820 730 opero·

182 767 329 822 rarissimis
338 777 383 822 out
396 769 489 823 nostris
502 767 719 823 intellectualibus
732 767 881 833 uirtutibus,
892 782 974 837 quan·
1025 770 1124 837 tiones,·
1152 770 1203 826 froc
1226 779 1280 836 est,
1307 772 1369 825 dum
1394 766 1500 840 purgati
1524 763 1636 821 ordines
1659 775 1715 833 per
1738 759 1819 831 ipsam

113 873 115 877 ’
181 871 235 913 tum
251 859 284 913 ol
300 859 356 930 ipsa
377 876 548 931 unaquaeque
568 857 712 915 secundum
731 857 859 928 deiforme
878 857 973 922 estitit,
1025 877 1161 918 summum
1173 863 1342 919 sacerdotem
1355 876 1404 933 per
1415 875 1445 917 se
1455 860 1481 914 in
1492 858 1579 928 ipsunt
1591 852 1724 926 proprias
1735 863 1820 908 meast

181 949 219 1003 tic
232 949 398 1020 manifestam
415 968 491 1006 suam
503 950 723 1005 illuminationem
736 948 857 1004 conducit
869 948 903 1003 ud
913 963 974 1018 pra·
1024 954 1194 1025 operationes
1218 954 1350 1020 referunt,
1368 953 1445 1025 qtrasi
1460 951 1517 1022 ipsc
1532 947 1630 1005 fecerit
1646 947 1671 981 ¹¹
1687 946 1762 1017 quod
1777 945 1820 1018 ipsi

179 1057 253 1111 prrae
263 1020 447 1098 occultaiionis
461 1043 473 1074 ¹
496 1041 660 1097 laudandum
674 1043 802 1114 ignotum.
815 1040 973 1110 Postquam,
1026 1042 1145 1099 faciunt:
1160 1045 1234 1099 sicet
1250 1045 1383 1117 propriam
1400 1041 1565 1114 purgativam
1579 1038 1726 1094 scientiane
1739 1046 1765 1093 et
1777 1038 1823 1093 sir·

180 1129 276 1201 inquit,
295 1131 385 1187 divina
395 1131 506 1187 claritas
519 1147 551 1187 ex
571 1131 685 1187 secretis
701 1131 757 1186 suis
767 1130 883 1201 erumpit
895 1129 918 1195 ⁸,
942 1144 974 1184 ac
1026 1142 1116 1200 tutem,
1130 1135 1374 1206 ipsepurpationem
1389 1131 1502 1202 tlreolopi
1512 1130 1654 1202 perficiens
1664 1128 1823 1200 ongelssis

180 1220 267 1289 primo
281 1219 401 1276 onmium
415 1219 607 1277 excelsissimis
618 1220 723 1292 sibique
732 1220 975 1292 prosirntsprimse
1025 1224 1109 1280 Deum
1121 1225 1227 1297 guidem
1242 1224 1321 1281 veluti
1333 1222 1482 1288 causalem,
1498 1221 1593 1276 deinde
1606 1221 1636 1275 irs
1648 1220 1740 1292 000000
1753 1219 1825 1276 Sero·

180 1311 331 1368 ierarchiae
341 1312 482 1367 ordinibus
493 1313 704 1370 manifestiorem
717 1328 747 1370 se
764 1314 859 1382 aperit,
881 1327 977 1366 conse·
1025 1319 1105 1389 puina,
1122 1327 1247 1390 tanquam
1268 1318 1353 1388 prima
1374 1325 1492 1388 agentem
1508 1330 1644 1370 summunt
1664 1314 1822 1369 sacerdotes

105 1435 108 1441 ·
180 1412 295 1473 quanter
314 1402 355 1458 sic
376 1403 547 1460 manifestam
571 1420 647 1460 suam
668 1404 902 1469 illuminationem,
923 1403 975 1458 boe
1026 1409 1137 1480 reponit.
1163 1409 1317 1465 Similitudo
1344 1407 1467 1478 sequitur
1489 1425 1496 1461 ε
1516 1405 1597 1461 relati
1622 1404 1750 1475 fortassis
1771 1405 1821 1476 gris

179 1501 222 1546 est
235 1490 256 1558 ¹,
274 1491 300 1547 in
316 1492 488 1549 manifestam
512 1509 589 1549 suam
603 1494 826 1550 illuminationem
838 1494 974 1561 conducit,
1026 1499 1132 1566 dicerit,
1155 1517 1214 1554 cunt
1235 1498 1352 1569 angelico
1374 1497 1516 1554 reuerentia
1530 1505 1677 1568 purpntsstt
1700 1496 1823 1563 edoctu:

180 1580 232 1646 vel,
248 1590 276 1637 ut
292 1584 412 1655 apertius
423 1583 597 1651 transfertur,
609 1594 764 1657 congregat.
778 1587 854 1642 Unde
864 1601 976 1657 corrgre·
1026 1590 1186 1658 bocest,ita
1200 1591 1319 1661 loquritur
1330 1589 1441 1661 angelus
1456 1590 1490 1645 ad
1504 1588 1681 1660 prophetam,
1696 1596 1822 1660 umam

179 1676 242 1746 gati
253 1674 293 1730 iis
304 1677 431 1734 secundis
441 1685 489 1734 aut
499 1679 665 1746 novissimis,
675 1681 726 1736 froc
735 1688 787 1746 est,
800 1681 976 1738 exsecandae
1026 1685 1049 1740 si
1063 1685 1125 1755 quis
1138 1684 1257 1756 angelica
1274 1684 1424 1741 reuerentia
1436 1683 1534 1754 dignus
1547 1688 1695 1752 purgatam
1708 1680 1824 1752 sigaeas

179 1776 227 1824 aut
240 1769 337 1826 tertiae
347 1767 475 1826 caelestis
488 1770 642 1826 ierarchiae
653 1771 664 1803 ¹
674 1771 824 1837 ordinibus,
833 1780 918 1828 autes
927 1786 975 1826 no·
1028 1776 1146 1843 doceret,
1160 1777 1304 1847 quamodo,
1317 1791 1371 1847 quo
1386 1774 1481 1831 ordine
1500 1781 1639 1844 purgatus
1649 1770 1695 1828 sit
1710 1771 1783 1838 Qsts
1797 1771 1825 1827 is

178 1861 243 1917 stris
257 1861 482 1918 intellectualibus
498 1863 652 1929 virtutibus,
669 1880 701 1919 ex
723 1864 839 1920 bumana
851 1864 976 1920 uidelicet
989 1884 1013 1946 B
1026 1877 1061 1934 te,
1080 1884 1095 1922 a
1119 1877 1262 1939 parantes
1286 1884 1346 1933 rue,
1381 1867 1427 1936 qtti
1449 1872 1476 1920 te
1501 1863 1631 1934 purgari,
1654 1861 1827 1935 perficiendas

179 1952 323 2020 ierarchia,
336 1962 465 2025 quantum
480 1955 580 2020 estitit,
599 1956 650 2011 boc
661 1964 712 2022 est,
728 1967 859 2026 qttsntnm
874 1957 974 2013 substi-
1024 1959 1188 2030 pnrpntianis
1199 1959 1357 2029 principium
1369 1957 1472 2028 pridem
1487 1964 1524 2009 est
1543 1952 1691 2018 eccelsssrr,
1704 1953 1749 2008 rei
1762 1952 1826 2009 sicat

178 2053 235 2100 tuta
253 2052 295 2100 est
315 2044 422 2116 abipsa
441 2045 532 2101 diuina
551 2046 676 2102 claritate
696 2062 872 2118 unaquaeque
885 2048 973 2106 uirtus
1024 2050 1132 2121 proprie
1154 2048 1316 2103 transfertur
1340 2046 1565 2112 remotissimum,
1582 2053 1611 2099 et
1636 2044 1753 2099 ementis
1765 2043 1825 2100 ¹¹st

176 2134 218 2191 rel
229 2134 375 2202 ierarchia,
392 2137 540 2192 secandum
560 2136 692 2193 deiforme
703 2138 723 2203 ¹,
736 2137 763 2192 id
776 2145 828 2204 est,
839 2137 916 2210 justa
930 2138 973 2193 di·
1024 2151 1135 2208 creator,
1147 2150 1172 2195 et
1184 2140 1309 2206 causalis,
1322 2140 1471 2211 prioresque
1484 2136 1614 2193 essemias
1626 2135 1664 2191 od
1675 2152 1734 2192 esse
1747 2136 1826 2191 stidor-

175 2225 266 2282 riuam
285 2227 500 2284 similitudinem.
516 2227 558 2284 nd
580 2228 644 2299 quid
664 2229 828 2300 congregati
846 2229 888 2284 Ad
911 2244 974 2300 pro·
1025 2249 1095 2298 cens,
1112 2242 1136 2286 et
1153 2232 1224 2286 circa
1237 2248 1265 2285 se
1283 2229 1308 2265 ¹¹
1324 2229 1494 2284 collocatione
1507 2227 1532 2261 ¹¹
1545 2226 1688 2282 continens
1704 2235 1731 2282 et
1743 2226 1825 2283 siser·

175 2314 251 2388 priae
273 2317 353 2388 plane
376 2317 565 2374 occultationis
589 2318 751 2373 laudandum
772 2319 902 2388 ignotum,
922 2320 974 2375 boc
1027 2340 1090 2379 oans
1103 2321 1321 2377 inconversabiles
1335 2330 1360 2376 et
1385 2337 1449 2375 casu
1462 2328 1590 2386 carentes,
1605 2327 1632 2374 et
1646 2318 1826 2390 sdmnmo·

176 2415 228 2474 est,
241 2415 272 2463 ut
281 2408 463 2463 secretissima
474 2407 654 2478 omnibusque
663 2409 753 2478 ignota
767 2409 851 2478 ipsius
864 2409 974 2464 laudent
1025 2433 1085 2472 oens
1095 2418 1123 2471 tp
1138 2416 1237 2488 primas
1250 2415 1274 2448 ¹¹
1285 2415 1453 2486 propriorum
1464 2411 1639 2485 praoidorsmt
1650 2412 1825 2483 operatium

177 2500 317 2571 mysteria.
334 2497 415 2553 Lucet
429 2509 528 2565 autern,
542 2502 600 2571 ipsa
619 2501 709 2555 divina
724 2500 845 2567 claritas,
862 2517 909 2571 per
922 2503 974 2555 sin·
1024 2509 1249 2580 participationes.
1270 2505 1329 2561 fiac
1347 2508 1415 2561 enim
1431 2506 1496 2560 iaec
1512 2521 1554 2560 me
1576 2503 1680 2560 doeens
1701 2503 1826 2575 aitipsiss

177 2590 241 2663 pulo
255 2591 427 2662 generaliter,
435 2591 482 2648 sed
491 2607 546 2663 quo
557 2594 709 2664 mado,quo
720 2593 830 2648 ordinet
842 2594 973 2659 secundis,
1025 2597 1164 2668 Seropfrim
1182 2595 1354 2666 manifestare
1367 2596 1528 2650 missionem.
1546 2592 1617 2662 lise,
1633 2592 1729 2665 inquit
1741 2606 1826 2651 esen·

178 2683 278 2755 inquit,
288 2701 335 2756 per
347 2685 444 2755 prima,
455 2694 480 2740 et
495 2684 519 2741 si
528 2695 627 2756 oportet
638 2686 748 2742 breuiter
766 2687 860 2755 dicere,
872 2687 975 2758 prima¹
1024 2688 1097 2760 plum
1113 2688 1195 2745 ueluti
1212 2687 1348 2759 loquentis
1360 2685 1384 2719 ¹¹
1396 2687 1429 2742 ad
1444 2693 1588 2757 purgatum
1610 2685 1775 2758 prophana
1797 2683 1825 2740 dt

176 2793 210 2832 ea
223 2775 336 2844 occulto,
348 2786 456 2834 secreto
470 2778 596 2834 videlicet
610 2794 675 2847 suo,
690 2779 726 2834 ad
740 2779 908 2850 manifestum
922 2782 974 2836 du·
1025 2795 1106 2836 causa
1119 2788 1146 2834 ct
1155 2778 1251 2834 ordine
1265 2776 1434 2848 purgationis
1447 2790 1522 2840 suae,
1538 2775 1586 2846 qui
1596 2789 1646 2832 nte
1657 2774 1755 2833 docuit
1762 2774 1825 2830 bset

176 2872 245 2924 citur
267 2885 314 2942 per
333 2869 433 2940 primas
447 2870 468 2904 ¹¹
481 2872 597 2939 oirtmes,
613 2872 825 2930 subaudiendum
842 2874 951 2946 reliquit
965 2893 972 2929 :
1025 2871 1059 2924 de
1070 2869 1230 2940 purgatione
1239 2867 1397 2938 propbetas,
1410 2863 1568 2921 missionem
1580 2862 1672 2935 ipsius
1686 2862 1822 2935 scapua

176 2961 313 3028 aecundls,
337 2974 387 3032 per
406 2963 539 3019 secundas
557 2963 578 2996 ¹¹
593 2977 659 3019 vero
683 2966 786 3032 tertiis,
806 2981 856 3037 per
880 2967 974 3023 tertias
1025 2960 1199 3020 manifestare
1217 2959 1265 3013 ait.
1286 2957 1489 3045 Acgdtdiceret
1507 2974 1514 3011 :
1532 2954 1594 3012 Non
1616 2970 1671 3030 ego
1685 2954 1824 3029 biosgsitu

177 3051 280 3120 quartis
294 3049 322 3104 in
335 3049 358 3085 ¹¹
371 3050 545 3108 manifestum
558 3053 676 3109 ducitur.
693 3053 752 3110 Hoc
764 3071 825 3126 erpo
839 3056 975 3128 theologus
1026 3056 1097 3111 franc
1107 3049 1310 3107 similitudinem
1322 3034 1472 3115 introduxi,
1482 3047 1530 3104 sed
1541 3046 1598 3114 ille,
1609 3047 1660 3120 qai
1670 3047 1819 3115 suedocait,

177 3142 270 3197 didicit
292 3157 325 3195 ee
339 3141 508 3198 luceducente
523 3143 545 3176 ¹¹
559 3160 619 3198 eum
633 3145 736 3214 angelo.
754 3147 793 3201 bc
807 3147 830 3202 si
844 3149 947 3205 diceret
964 3166 972 3203 ε
1026 3144 1090 3216 quiid
1101 3143 1371 3214 missinSerapbim¹¹
1380 3141 1586 3214 significaret¹¹.
1595 3139 1822 3213 atmosrqasst

177 3246 212 3290 ss
226 3230 334 3300 angeio,
348 3231 395 3299 qui
409 3246 472 3287 eum
488 3233 517 3288 in
531 3232 619 3288 lucem
636 3222 839 3306 intelligentiae,
859 3238 974 3293 visionis
987 3242 1009 3305 c
1025 3239 1058 3293 ad
1071 3235 1153 3292 verba
1165 3236 1186 3268 ¹¹
1202 3235 1335 3306 loquentis
1347 3234 1435 3306 angeli
1452 3233 1475 3266 ¹¹
1490 3235 1525 3290 ad
1536 3233 1703 3306 prophetam
1715 3232 1824 3290 reverti·

179 3321 340 3379 introduxit.
356 3319 414 3378 lioc
433 3333 476 3380 est
494 3340 502 3377 t
514 3324 696 3394 purpaatanem
713 3333 737 3380 et
759 3341 847 3382 omnes
871 3327 974 3386 diuinas
1028 3337 1081 3383 tur.
1097 3325 1221 3382 Sumatur
1242 3335 1330 3381 autern
1352 3324 1473 3381 sacerdos
1490 3334 1515 3380 et
1528 3333 1589 3396 post
1601 3323 1691 3381 Dm
1704 3325 1764 3381 dss
1776 3324 1824 3398 ipat

179 3411 353 3483 operationes,
364 3428 411 3483 per
423 3413 524 3485 primm
537 3414 664 3469 essentias
676 3414 829 3482 relucentes,
844 3419 872 3472 in
886 3434 975 3475 amnes
1025 3417 1215 3490 praestantium
1233 3417 1404 3473 essentiarum
1419 3424 1538 3483 ornatus,
1553 3433 1571 3471 s
1585 3430 1640 3489 pso
1650 3432 1703 3489 sps
1717 3429 1823 3490 psrgstt

179 3503 303 3576 religttins
320 3504 442 3560 distribui
453 3504 596 3560 secundum
607 3507 814 3579 uniuscujusque
823 3509 857 3563 ad
867 3509 975 3578 deificas
1025 3508 1188 3579 deiformiter
1205 3508 1324 3564 eruditus
1343 3524 1412 3563 sum.
1436 3505 1567 3563 Ordinem
1580 3504 1732 3580 Seraphim
1748 3515 1823 3579 stass

178 3596 390 3670 participationes
404 3597 427 3631 ¹¹
438 3597 599 3670 analogiam.
614 3597 818 3670 Explanationis
832 3614 886 3656 non
904 3601 975 3657 indi·
1025 3613 1150 3662 ornatum
1167 3604 1247 3660 ueluti
1261 3619 1344 3659 arnum
1356 3617 1490 3659 summurn
1502 3601 1677 3660 sacerdotem
1689 3609 1721 3659 et
1730 3584 1823 3676 past'⁸

177 3696 232 3762 get.
252 3687 365 3760 Propter
381 3691 451 3762 guod
467 3699 492 3746 et
510 3690 590 3762 ignite
609 3693 773 3764 purgativam
789 3694 975 3764 proprietatem
1025 3696 1112 3754 Deum
1136 3698 1232 3753 ducent
1259 3695 1397 3762 nominat;
1417 3710 1471 3751 non
1494 3695 1576 3751 aliam
1596 3695 1634 3751 ab
1653 3708 1778 3763 causam,
1796 3700 1822 3750 at

177 3784 243 3856 ipsis
259 3781 398 3857 Scroplrr'm
413 3794 599 3856 consequenter
625 3793 682 3856 past
706 3783 792 3840 Deum
811 3784 834 3817 ¹¹
849 3785 974 3855 reposuit.
1024 3787 1130 3860 opitior,
1147 3786 1199 3842 nisi
1215 3786 1278 3858 qaia
1296 3793 1370 3840 tanta
1387 3786 1478 3841 unitas
1494 3793 1536 3841 cst
1551 3783 1576 3819 ⁸¹
1589 3784 1756 3843 melectinus
1770 3784 1823 3841 sai·

178 3875 324 3944 Quoniam,
338 3877 437 3948 inquit,
457 3892 508 3949 per
528 3876 631 3948 primas
646 3877 761 3934 virtutes
776 3878 865 3934 onmis
883 3876 974 3932 divina
1025 3894 1130 3936 morunt
1150 3878 1184 3944 ¹¹,
1207 3887 1246 3943 at,
1266 3877 1338 3947 quod
1356 3891 1427 3933 ursus
1446 3878 1511 3947 agit,
1536 3890 1636 3934 omues
1659 3877 1824 3936 unsaiultet

177 3970 300 4041 operatio
311 3969 423 4042 reliquis
437 3970 618 4037 distribuitur,
633 3979 775 4041 propterca
791 3970 848 4040 ipse
861 3967 975 4038 angelus
1028 3987 1109 4045 agere
1123 3969 1309 4040 intelligantur
1320 3969 1354 4023 ¹¹.
1369 3968 1430 4039 fpsc
1442 3969 1584 4041 igiturest,
1601 3983 1730 4028 summus
1739 3982 1824 4027 sacer·

176 4062 365 4137 purgationem
382 4063 542 4134 prophetae,
556 4077 637 4133 quam
651 4063 738 4118 instar
753 4062 823 4133 ignis
839 4061 897 4132 ipse
908 4074 973 4131 pro·
1025 4062 1073 4118 dos
1085 4060 1211 4117 videlieet
1223 4060 1367 4130 Seraphim
1380 4066 1503 4126 ornatus,
1515 4075 1563 4130 per
1574 4075 1626 4126 sss,
1636 4073 1656 4116 o
1668 4059 1739 4117 issia
1755 4059 1823 4129 ¹¹,tt

175 4152 235 4225 prie
254 4155 376 4227 peregit,
393 4151 460 4225 ipsis
476 4152 499 4186 ¹¹
515 4152 656 4223 Seraphim
679 4160 741 4223 post
762 4151 848 4207 Deum
870 4147 973 4215 retulit,
1023 4169 1150 4225 purgans,
1172 4167 1314 4223 perquem
1334 4151 1454 4221 proprias
1476 4151 1600 4222 praestas
1613 4150 1640 4186 ⁸¹
1653 4153 1773 4210 ustiones
1794 4165 1825 4208 rs

175 4247 304 4319 quoniam
321 4261 337 4302 a
350 4246 406 4303 beo
420 4261 469 4318 per
483 4244 626 4317 Seraphim
640 4245 715 4300 visas
726 4251 769 4300 est
786 4239 898 4315 angelus
910 4256 975 4310 pur·
1024 4243 1125 4298 occulto
1139 4252 1164 4298 et
1172 4243 1231 4312 iam
1244 4241 1272 4296 in
1283 4258 1341 4303 nos,
1355 4241 1401 4311 atti
1414 4240 1502 4312 angeli
1514 4256 1619 4310 sumus,
1628 4242 1825 4313 municipes

176 4339 418 4413 garepropbetarn.
434 4338 511 4395 flitril
523 4354 584 4410 ergo
595 4336 786 4401 inordinatum,
800 4335 974 4404 si¹¹purpore
1025 4335 1104 4390 totius
1121 4350 1201 4389 castra
1222 4343 1248 4388 et
1271 4333 1359 4405 opifex
1382 4333 1558 4405 purgationis,
1578 4333 1606 4391 id
1622 4340 1676 4401 ost,
1698 4332 1824 4390 omnium

175 4437 322 4510 ticolagum
334 4437 433 4494 dicitur
447 4435 596 4508 Seraphim.
612 4433 657 4491 Sic
671 4433 741 4489 enim
752 4432 823 4487 Deus
842 4428 866 4464 ¹¹
878 4436 974 4499 purgat
1026 4425 1235 4497 intelligibilium
1248 4432 1276 4481 et
1289 4424 1491 4480 rationabilium
1505 4421 1824 4483 stantemstantem

174 4544 273 4595 omnes,
285 4517 409 4601 quoniam
421 4529 442 4563 ¹¹
457 4529 537 4583 totius
544 4526 709 4598 purgationis
719 4532 757 4579 est
768 4538 859 4577 causo.
871 4518 973 4575 Deinde
1027 4527 1070 4574 tae
1084 4517 1251 4588 quaestionis
1265 4533 1273 4572 ι
1286 4515 1360 4572 Haec
1368 4515 1554 4589 illepuidem⁸¹
1562 4515 1655 4572 docuit
1666 4532 1720 4586 ste,
1732 4516 1760 4575 tt
1770 4524 1821 4584 αἱ,

173 4619 326 4690 exemplum
334 4620 496 4676 introducit:
508 4619 592 4690 magis
600 4628 698 4682 autern,
710 4614 872 4672 subauditur
883 4611 976 4667 dicea-
988 4599 1014 4660 Ι)
1026 4607 1097 4679 quod
1112 4606 1135 4642 ¹¹
1151 4605 1184 4662 de
1197 4607 1250 4662 bac
1265 4606 1426 4677 quaestione
1444 4605 1520 4672 dixi,
1539 4603 1585 4662 ille
1602 4605 1715 4677 quidem
1732 4606 1822 4664 deurit

174 4716 253 4777 dunt:
267 4713 385 4784 proxime
396 4712 466 4766 enim
478 4723 581 4767 utentur
591 4709 719 4782 exempla,
732 4710 785 4765 froc
803 4717 857 4772 est,
870 4703 966 4776 proxi-
1020 4714 1075 4757 me·
1101 4698 1168 4768 0¹15ss
1189 4710 1280 4756 aulem
1291 4699 1352 4765 ilfe,
1365 4700 1540 4771 ignoramus,
1554 4707 1783 4770 iissssfflfflflmi
1800 4697 1822 4732 ⁸⁶

176 4820 220 4859 mo
236 4816 346 4867 caussae,
366 4801 398 4856 de
421 4816 474 4872 qua
496 4803 595 4873 agitur,
614 4811 722 4857 utemur
740 4799 873 4869 exemplo.
893 4795 967 4851 Sicut
1022 4802 1114 4850 tamen
1153 4801 1199 4847 aut
1234 4791 1257 4823 ¹¹
1279 4792 1367 4864 ipsum
1405 4790 1518 4847 Paulum
1551 4790 1725 4862 apostolum,
1749 4790 1821 4862 edas

174 4891 318 4949 secundum
333 4908 379 4946 nos
393 4891 417 4926 ¹¹
433 4908 551 4947 summus
563 4892 685 4947 sacerdos
699 4907 745 4962 per
763 4907 825 4945 suos
836 4888 968 4944 ministros
1023 4895 1083 4943 erat
1097 4886 1254 4958 discipulus,
1268 4895 1317 4943 aut
1328 4884 1496 4955 ierotheum,
1510 4900 1592 4957 quem
1605 4885 1634 4942 ia
1651 4884 1724 4945 libro
1737 4888 1772 4945 dc
1784 4886 1820 4944 di·

811 5004 940 5062 Vdfibe
959 5002 1161 5060 ascalonas

211 5125 361 5185 ¹Bcousis
384 5125 499 5182 remotis.
550 5123 627 5179 ¹f¹ro
661 5123 737 5192 cnjus
762 5120 793 5175 Β·
812 5134 883 5176 corr.
914 5127 952 5174 est
978 5135 1055 5189 patae.
1107 5119 1207 5176 'Corn
1232 5119 1281 5185 θ’,
1307 5119 1352 5174 att
1382 5117 1466 5176 nullo.
1511 5116 1566 5174 ιΒ
1590 5117 1766 5185 ocnltiattis,
1793 5114 1822 5172 Β·

176 5216 247 5256 corr.
268 5199 460 5254 occultationis.
499 5195 571 5252 ¹Sic
591 5193 646 5249 ab.
685 5193 756 5249 ¹est
772 5208 826 5249 orn.
843 5190 898 5254 ab,
914 5206 994 5261 supra
1016 5190 1105 5246 adscr.
1121 5190 1163 5246 tr.
1215 5191 1395 5246 ¹ierarcttiae
1428 5189 1557 5247 caelestis.
1594 5188 1710 5248 ¹Gorr.
1731 5187 1822 5254 B¹,t

177 5273 229 5326 cadi
253 5270 345 5341 [orote.
382 5268 444 5322 ⁸13·
469 5283 541 5323 corr.
564 5267 688 5336 primum.
736 5265 758 5297 ¹¹
785 5262 925 5334 Bprintas
946 5278 1000 5332 per.
1039 5262 1060 5294 ¹¹
1078 5261 1155 5317 Cnrr.
1174 5261 1217 5327 fl',
1239 5260 1439 5316 absecrtndis.
1478 5261 1500 5293 ¹¹
1513 5261 1541 5316 in
1563 5277 1619 5318 om.
1636 5260 1669 5316 tt.
1709 5257 1820 5383 “00ιέ.

175 5341 410 5398 billucedicente.
463 5337 747 5408 “Apurticipntionie
801 5336 823 5367 ¹¹
834 5333 879 5388 ab
891 5331 1001 5395 eum.B
1023 5348 1094 5388 corr.
1114 5333 1201 5387 deum.
1249 5330 1477 5396 ¹¹Corr.B',dB
1494 5333 1558 5403 ipse.
1608 5330 1671 5386 ”si
1695 5332 1822 5395 ettad¹

173 5413 318 5471 aalscr.B·.
368 5408 769 5480 ¹¹B‘snpraadscr.etbcus.
818 5406 931 5460 ¹¹Corr.
951 5402 1193 5475 B',aBpuorum.
1240 5401 1414 5459 ’tuomst
1433 5401 1554 5457 aanor.
1595 5396 1822 5468 *tottrsrtctt'

173 5487 444 5556 supraatlscr.cnrr.
462 5480 560 5551 fecerit.
600 5477 924 5533 ¹¹betesseruiaom.ll.
963 5475 1021 5531 ¹¹se
1034 5491 1088 5530 om.
1104 5473 1136 5538 B,
1156 5489 1236 5543 supra
1251 5474 1340 5529 adscr.
1354 5471 1396 5526 tr.
1411 5471 1435 5505 ¹¹
1452 5472 1519 5527 fiad.
1535 5487 1606 5529 corr.
1623 5471 1655 5538 B,
1672 5472 1720 5528 att
1744 5468 1825 5527 colle-

173 5557 310 5611 cntionem.
349 5556 373 5590 ¹¹
391 5553 469 5610 Corr.
494 5553 538 5617 B‘,
555 5551 576 5606 Α
595 5549 810 5621 primo,Bprinr.
850 5547 875 5581 ¹¹
895 5545 1156 5672 Btopptentisaeluti.
1194 5545 1216 5578 ¹¹
1236 5545 1266 5599 B·
1283 5544 1316 5598 ad
1332 5558 1418 5626 marg.
1442 5544 1530 5598 adscr.
1563 5541 1819 5646 ipsissSerapbiut.

173 5626 412 5699 ''Asianipcarit
450 5621 722 5680 '’Protnootlnon.
761 5619 947 5674 ¹¹ttat.corr.
982 5614 1410 5686 ·,procsaacroaattoataerora.
1449 5612 1471 5645 ¹¹
1490 5630 1524 5667 an
1543 5613 1682 5671 enonas
1763 5616 1823 5682 post

172 5710 227 5751 om.
259 5683 313 5760 Α’Β.
333 5699 462 5767 admarg.
480 5697 569 5751 adscr.
587 5693 628 5748 θ’.
670 5691 814 5748 ”cstom
839 5689 870 5743 B.
910 5688 932 5720 ¹¹
947 5688 980 5743 Β·
997 5689 1087 5743 adscr.
1109 5696 1156 5740 est.
1195 5683 1460 5756 ¹¹Binteltigrmtur.
1499 5629 1822 5749 ⁸⁸i¹roaeatsstss

172 5767 340 5835 meoesalas,
355 5765 592 5832 Bmeonraias,B
606 5777 678 5819 corr.
693 5763 848 5834 meopsaia.
887 5760 910 5793 ¹⁷
928 5758 949 5812 B
965 5760 1087 5830 procidas
1101 5757 1231 5828 proprias.
1271 5752 1617 5828 ⁸¹Corr.fi',proguidem
1632 5746 1680 5811 ΑΒ
1694 5752 1818 5828 gaideri.

172 5824 569 5910 ”Garr.tt',aqst,bpstu.
609 5835 633 5869 ¹¹
647 5834 678 5891 u·
693 5839 1000 5906 cornorgumentomss.
1037 5830 1060 5864 ¹¹
1074 5829 1209 5905 dautem.
