3984 6534
456 344 1265 429 ¹nanrvrsrormstannum.-noenrenrms
1640 320 1711 407 r'at'

155 484 161 525 ι
177 474 291 527 namne
305 464 341 521 ab
359 462 481 539 angelica
495 462 647 531 substantia
661 460 770 519 relictae
789 469 852 518 snnt
864 466 889 528 Α
901 461 984 527 lium,
1005 474 1082 517 suam
1104 456 1343 516 rationabilitatem
1362 472 1417 515 uon
1429 458 1574 527 deserens3
1592 462 1693 532 nutrit,
1710 444 1712 449 ⁵

155 555 362 633 ignidcationes,
387 557 478 612 anima
505 554 629 611 videlicet
655 553 804 618 rationalis,
824 560 852 609 et
902 552 1046 625 clanget·
1060 566 1158 623 corpus
1184 565 1274 615 suunt,
1293 558 1322 605 ut
1341 549 1403 617 illa,
1422 566 1493 623 qnae
1507 567 1589 608 sensu
1601 561 1694 621 caret,

171 648 229 705 llei.
248 647 444 704 irrationabilis
465 654 555 703 autern
570 645 625 700 vita
640 644 769 702 dividitur
792 646 802 675 ¹
824 642 852 698 iu
902 642 1053 713 herbasque
1064 654 1097 697 ac
1114 638 1185 713 ligna
1201 646 1340 710 penetral:
1356 639 1455 712 ubique
1467 642 1495 697 iu
1508 657 1538 699 se
1549 641 1608 717 ipsa
1623 650 1697 721 tota,

156 751 226 809 quae
241 751 350 793 sensnm
362 734 516 808 participat,
536 734 617 805 inque
640 749 713 799 eant,
736 747 806 803 quae
818 747 852 788 eo
902 744 929 790 ct
951 734 979 788 in
997 732 1123 789 omnibus
1135 738 1209 798 tota,
1232 739 1305 787 totos
1319 745 1415 787 sensus
1437 746 1503 809 spos
1518 733 1645 791 custodit.
1664 732 1703 793 lu'

162 828 197 883 lit
209 841 262 883 una
275 826 384 915 wem
398 827 523 882 onrnibus
540 824 701 899 animalibus
719 825 852 881 sentiendi
902 822 1009 879 ossibus
1023 837 1099 893 ergo,
1113 831 1140 877 et
1158 820 1302 893 unguibus,
1319 831 1349 879 et
1360 796 1530 893 capitili‘nm
1542 824 1700 895 germinalis

155 930 192 972 em
206 914 369 973 habentibus
382 914 561 980 distribuitur,
584 915 669 971 altera
690 930 755 971 raro
776 916 853 993 νοιιιιιί
903 912 977 967 vitae
990 912 1095 982 aperit;
1115 927 1185 982 qnae
1202 922 1293 982 partes
1312 912 1397 968 nostri
1417 912 1556 984 corporis,
1569 914 1699 989 qnoniam

158 992 316 1065 carentino
337 1007 472 1073 materiis,
488 1022 558 1077 qnae
571 990 768 1077 speeies‘ii‘tae
789 990 852 1081 herl
903 1006 959 1062 aeri
973 1004 1080 1076 perviae
1091 1019 1144 1059 non
1162 1012 1234 1071 sunt,
1246 1002 1465 1061 nullumsenmm
1479 1002 1653 1075 participant.
1667 1004 1700 1065 ln

155 1114 168 1155 ι·
176 1096 365 1173 lignorumque
390 1086 544 1153 dominari·
557 1096 721 1169 perhibetur,
737 1106 765 1153 et
785 1082 853 1151 inira
903 1095 1120 1166 quinquepertito
1145 1108 1272 1149 sensurum
1308 1094 1489 1151 instrumento
1519 1094 1699 1155 irrationabili

166 1188 268 1246 nullam
285 1188 487 1261 speciemritae
508 1189 579 1245 ratio
602 1188 714 1245 invenit.
738 1188 855 1245 Proinde
903 1186 974 1243 vitae
993 1186 1191 1251 communicat,
1207 1201 1275 1257 quae
1296 1184 1453 1242 anirrtalium
1474 1186 1579 1245 ratione
1599 1202 1696 1247 careo·

155 1280 261 1339 eritne
272 1290 401 1353 quattuor
416 1278 584 1336 differentiae
604 1279 631 1334 in
648 1286 775 1350 qnattnor
794 1293 854 1351 spc-
904 1278 970 1334 tium
985 1278 1092 1349 propria
1107 1277 1239 1333 subsistit.
1254 1277 1284 1333 ln
1300 1277 1343 1333 his
1354 1274 1480 1333 omnibus
1495 1292 1544 1347 per
1563 1293 1593 1335 se
1609 1278 1696 1351 ipsam

155 1390 158 1427 t
177 1371 364 1445 colliguntur:
388 1368 579 1426 intellectualis
600 1369 627 1424 in
645 1367 755 1440 angelis.
774 1368 845 1424 ratio
903 1369 1028 1441 quamvis
1040 1383 1122 1440 saepe
1134 1367 1358 1424 irrationabiliter
1367 1376 1518 1435 moveatur,
1533 1370 1638 1426 ratione
1647 1385 1697 1427 sua

155 1464 196 1520 'lu
208 1462 371 1530 horninibus,
382 1459 514 1517 sensualis
526 1459 553 1513 in
574 1457 679 1524 bestiis,
691 1456 855 1513 insensualis
903 1472 999 1514 carere
1017 1467 1114 1513 natura
1138 1473 1191 1513 non
1209 1459 1283 1514 sinit.
1299 1454 1384 1515 Omne
1405 1466 1511 1524 antem,
1526 1459 1598 1531 qnod
1610 1467 1700 1531 polest

155 1552 276 1609 minibus
294 1551 447 1622 ceterisque
460 1549 629 1618 corporibus,
644 1548 670 1603 in
686 1549 783 1619 quibus
797 1546 854 1605 sola
903 1558 1012 1621 praeter
1032 1548 1082 1605 has
1103 1548 1256 1618 praedictas
1272 1548 1401 1614 virtutes,
1425 1547 1578 1605 vieilleandi
1597 1549 1700 1609 scilicet

155 1642 332 1714 uestigium
346 1632 419 1696 ritae
435 1639 601 1705 manilestat,
612 1647 642 1694 ut
653 1646 716 1693 sunt
728 1646 855 1707 quattuor
905 1641 1095 1712 nutriendique
1122 1656 1154 1697 ac
1177 1640 1310 1696 sentiendi
1332 1657 1382 1712 per
1406 1656 1519 1707 sensus,
1544 1640 1600 1697 sive
1622 1628 1699 1713 agat,

155 1735 159 1791 i
181 1733 325 1799 elementa,
347 1732 404 1788 slve
432 1728 564 1800 simplicia
595 1729 649 1784 sint
667 1743 716 1799 per
736 1744 776 1795 se,
798 1729 855 1784 sive
905 1730 963 1788 sive
977 1731 1103 1803 patiatur,
1117 1740 1195 1786 entra
1207 1746 1307 1802 corpus
1318 1747 1394 1786 sunm
1410 1746 1490 1805 agere
1502 1731 1544 1789 rcl
1557 1733 1612 1803 pati
1626 1718 1700 1789 reeta

155 1823 216 1879 reita
230 1838 238 1876 ε
254 1831 353 1876 terram
372 1820 442 1886 dico,
457 1833 567 1890 aquam,
582 1819 633 1874 et·
648 1832 721 1885 aera,
735 1818 856 1874 aethera·
869 1812 894 1875 B
908 1821 1013 1877 ratione
1023 1821 1204 1891 cognoscitur.
1217 1820 1265 1876 llis
1278 1822 1369 1892 itaqare
1380 1822 1413 1877 dc
1424 1822 1600 1878 divisionibus
1613 1824 1700 1896 deque

155 1910 310 1983 heperhoc
330 1909 531 1965 nonimmerito
547 1906 738 1963 diciturhomo
755 1919 857 1963 meato·
906 1911 1066 1969 differentiis
1097 1910 1318 1983 generalissimae
1341 1911 1414 1966 vitae
1439 1914 1621 1985 praecognitis
1664 1915 1699 1971 arl

155 1974 286 2055 ffi'nt‘at'nm
300 1998 419 2068 officior,
434 1998 561 2067 quoniam
579 1997 605 2051 in
623 1997 682 2067 ipso
699 1996 858 2053 universalis
906 2002 1064 2076 praedictae
1074 2000 1240 2070 quaestionis
1251 2001 1461 2067 reserationem,
1476 2012 1605 2073 qnantum
1622 2004 1702 2061 datter

155 2104 195 2147 rra
215 2091 375 2147 continetur.
399 2088 526 2160 lntelligit
550 2089 659 2160 quidem
683 2098 713 2145 nt
735 2089 856 2161 angelns,
907 2093 987 2148 nobis
999 2090 1130 2161 intelligi,
1145 2092 1304 2157 redeamus,
1317 2092 1445 2162 quoniam
1460 2092 1545 2163 ipsine
1558 2095 1701 2153 occasione

155 2181 248 2237 inetur
259 2190 290 2237 ul
304 2183 395 2246 homo,
409 2181 492 2237 sentit
514 2190 545 2236 ut
565 2181 664 2236 animal
691 2179 857 2247 irrationale,
907 2185 975 2239 hacc
988 2185 1021 2240 de
1032 2180 1149 2255 generali
1162 2183 1250 2237 anima
1266 2197 1313 2238 sen
1327 2184 1382 2238 vien
1396 2182 1557 2254 interposita
1570 2194 1644 2240 sunt.

155 2278 178 2325 rt
188 2285 310 2344 germen,
325 2286 439 2343 corpore
449 2270 593 2342 animaque
612 2273 745 2338 subsistit,
760 2271 859 2327 nullius
942 2272 987 2329 38.
1009 2274 1056 2329 Est
1068 2274 1139 2328 enim
1154 2274 1322 2343 quaesitum,
1339 2288 1423 2343 qnare
1438 2273 1464 2328 in
1480 2274 1609 2346 operibns
1622 2283 1703 2347 qual-

155 2376 210 2418 rrae
232 2376 337 2432 expers
352 2360 436 2416 Extra
457 2361 526 2417 haec
545 2361 617 2416 enirn
641 2360 741 2416 nullam
756 2370 860 2417 crentu-
911 2362 973 2421 t'nor
984 2364 1197 2436 primordialium
1211 2365 1316 2421 dierum
1332 2364 1431 2421 nnllins
1445 2367 1517 2421 vitae
1534 2381 1581 2422 sen
1593 2367 1702 2425 animae

155 2454 260 2510 nrenis.
275 2450 330 2511 Sed
350 2452 546 2525 lortassisquis
560 2453 668 2521 dixerit,
688 2456 858 2511 haecomnia
909 2458 1128 2513 connnemoratio
1153 2456 1223 2512 lacta
1248 2458 1300 2521 sit,
1322 2458 1418 2529 quinto
1438 2469 1527 2515 antem
1546 2459 1590 2516 die
1611 2460 1701 2520 subito

155 2541 326 2615 peloquoque
346 2543 489 2599 contineri.
503 2530 552 2598 Cui
568 2545 728 2613 respondeo,
749 2558 858 2601 sensnm
909 2562 1053 2618 crumpens
1078 2546 1218 2617 Scriptura
1242 2565 1249 2601 :
1274 2545 1449 2614 Producant,
1476 2549 1580 2621 inquit,
1619 2568 1703 2623 aquae

155 2634 232 2691 nilons
259 2634 432 2690 distributum
452 2649 505 2688 non
533 2649 612 2703 posse
634 2634 791 2701 subsistere,
807 2637 857 2692 nisi
909 2636 999 2710 reptile
1019 2638 1122 2692 nninroe
1141 2639 1258 2692 sineretis.
1289 2637 1343 2695 Nec
1363 2630 1523 2711 simpliciter
1544 2642 1611 2699 dixit
1629 2644 1639 2675 ¹
1660 2659 1703 2700 rt·

155 2739 225 2797 poro
248 2740 283 2780 ex
309 2732 438 2794 quattuor
460 2723 601 2780 clementis
623 2726 780 2783 corratituto.
800 2726 858 2781 Non
908 2726 971 2797 ptile
990 2728 1111 2792 anianae,
1136 2728 1184 2781 sed
1205 2742 1265 2781 cnm
1289 2728 1474 2784 additamento
1491 2731 1605 2795 neentis,
1624 2733 1703 2803 qnasi

155 2816 229 2871 'erit
255 2815 340 2874 alsus,
357 2814 403 2869 ubi
418 2828 470 2868 tren
484 2824 526 2869 est
541 2815 621 2884 ignis.
641 2830 728 2884 neque
741 2817 858 2879 arrrlitns,
910 2819 1000 2872 anima
1011 2832 1064 2872 non
1076 2818 1111 2873 sit
1122 2818 1225 2873 virens.
1238 2818 1270 2873 Et
1279 2826 1322 2873 est
1333 2834 1425 2884 cansa,
1437 2829 1467 2874 nt
1478 2822 1583 2889 opinor,
1595 2824 1703 2893 species

155 2920 161 2939 ¹
176 2905 263 2971 desit;
276 2904 392 2959 humore
411 2904 550 2958 subtracto
566 2920 617 2960 uec
634 2904 750 2960 ollactus
772 2921 859 2959 rema·
911 2908 970 2971 illa,
987 2922 1067 2976 quam
1085 2908 1112 2961 in
1133 2907 1310 2963 divisionibus
1326 2908 1461 2976 generalis
1482 2910 1554 2967 vitae
1572 2913 1701 2969 extimam

158 3003 330 3067 necgustns3
357 3001 445 3047 terrae
467 2993 588 3048 absentia
615 3002 699 3048 toturn
726 2995 859 3049 abstrahit
910 2998 1058 3069 posuimus.
1087 2996 1121 3053 Et
1147 2999 1260 3063 merito,
1284 2997 1411 3066 quoniam
1437 3000 1525 3054 omnis
1552 3000 1704 3061 intellectus

155 3104 182 3143 ιι.
209 3086 329 3159 Corpora
351 3100 416 3141 vcro
431 3084 551 3157 angelica
575 3085 709 3156 simplicia
730 3087 858 3157 spiritua.
910 3099 938 3145 et
957 3088 1068 3144 rationis
1096 3102 1193 3159 expers
1212 3088 1223 3120 ⁸
1242 3089 1332 3145 subtili
1352 3099 1510 3147 naturarum
1533 3072 1718 3166 indagatione-

155 3187 244 3242 tsnnt,
264 3176 534 3249 omniqueexteriori
557 3193 639 3233 serrsu
654 3180 784 3234 carerrtia.
801 3178 858 3234 Non
873 3168 896 3231 C
913 3179 1061 3248 reperitur;
1088 3193 1119 3234 ac
1145 3177 1227 3232 rclnti
1253 3179 1325 3233 nulla
1352 3180 1423 3245 vila,
1450 3197 1497 3238 seu
1524 3181 1629 3250 anirna,
1656 3200 1705 3239 seu

170 3268 335 3325 sensibilium
359 3282 449 3322 rerrrm
479 3268 604 3323 notitiam
628 3283 678 3339 per
705 3271 860 3342 phantasias
912 3270 1105 3325 nivensanima
1120 3269 1164 3334 sit,
1181 3269 1464 3342 silctnraSrriptnra,
1481 3280 1511 3328 nt
1525 3272 1706 3347 intelligamus

156 3374 216 3413 mm
229 3359 372 3429 accipiunt,
393 3359 440 3413 sed
452 3371 560 3413 omnem
573 3359 741 3429 corporalem
755 3370 861 3415 cream-
912 3378 971 3418 enm
982 3362 1153 3417 novissimam
1170 3377 1202 3417 ac
1213 3360 1224 3393 ⁶
1236 3362 1498 3434 imperiectissimam
1524 3368 1707 3425 essentialiter

157 3434 279 3507 ncansia
295 3450 351 3506 tuis
367 3449 744 3533 spiritualibusspiritualiter
756 3453 861 3523 perspi·
912 3462 1019 3509 mentae
1033 3453 1104 3509 vitae
1119 3454 1362 3526 participationem.
1378 3457 1548 3547 suffles
1562 3460 1623 3531 plns
1636 3463 1706 3521 inter

155 3586 158 3605 ,
179 3544 402 3615 quemadmodum
423 3543 505 3599 visuri
519 3558 623 3606 surnns,
637 3558 698 3598 curn
713 3543 747 3598 ad
765 3559 863 3605 acona-
912 3546 1069 3617 corporales
1082 3562 1225 3613 numeros,
1246 3563 1327 3619 quam
1351 3524 1422 3606 iniec
1445 3550 1541 3609 vitales
1560 3566 1707 3621 conprime-

155 3652 176 3691 n
191 3643 410 3691 naturaeeornnr
433 3634 682 3690 transmutabimur.
704 3633 791 3690 Sensu
813 3636 863 3690 ita·
913 3638 1027 3692 rarrdnm
1053 3638 1143 3693 diviua
1166 3640 1257 3695 sanxit
1283 3640 1440 3696 auctoritas.
1463 3640 1548 3697 ilecte
1577 3642 1660 3715 igitur
1679 3645 1706 3701 io

155 3742 268 3798 orporea
285 3734 378 3782 carent
391 3725 488 3797 angeli,
502 3727 564 3794 qnia
578 3740 660 3795 snper
674 3725 760 3798 ipsum
780 3736 859 3791 sutn;
913 3726 1041 3799 operibus
1058 3738 1188 3798 quattuor
1207 3730 1330 3795 dierum,
1344 3731 1371 3785 in
1388 3731 1487 3801 quibus
1501 3734 1606 3803 species
1617 3733 1707 3791 caele·

155 3820 232 3875 rboc
246 3819 329 3874 totins
344 3816 535 3872 irrationabilis
557 3817 629 3872 vitae
649 3824 783 3887 expertes,
805 3818 862 3872 sire
914 3818 994 3871 stium
1010 3819 1235 3886 terrestriumque
1249 3820 1428 3875 essentiarum
1442 3835 1474 3874 ex
1490 3822 1580 3877 causis
1592 3824 1707 3893 primor-

155 3910 215 3976 alis,
229 3911 287 3967 sive
299 3910 372 3966 omni
394 3923 473 3963 sensu
487 3908 619 3978 gerivatae,
634 3907 790 3978 compositis
802 3923 864 3963 cor·
914 3907 1030 3962 dialibns
1052 3908 1240 3976 producuntur
1260 3908 1287 3961 ln
1307 3917 1447 3978 apertum,
1468 3918 1495 3967 et
1512 3910 1707 3983 perlectionem

155 4002 298 4074 rilibusquc
311 4001 471 4072 corporibus
494 4015 547 4054 non
568 4008 724 4070 gravantur.
747 3998 864 4055 Proinde
915 4013 980 4053 strae
1006 3996 1177 4051 formationis
1202 3996 1356 4068 accipiunt,
1384 3999 1464 4072 thrts
1494 4001 1586 4059 uitalis
1618 4013 1708 4062 motus

155 4096 290 4169 rreperies
303 4096 330 4151 in
353 4093 471 4158 homine,
486 4108 556 4163 quac
577 4107 747 4163 nequaqnam
767 4103 863 4146 namra
915 4084 987 4142 rrnlla
997 4084 1159 4157 signiticatio
1173 4086 1332 4157 interposita
1343 4099 1394 4145 est.
1408 4088 1475 4145 llam
1490 4100 1519 4149 et
1530 4092 1557 4147 in
1573 4092 1653 4150 tertia
1663 4093 1708 4151 die

155 4187 384 4261 .tangettca;'non
399 4192 487 4239 antem
498 4183 621 4239 subsistit
632 4183 659 4238 in
670 4182 766 4253 angelo
777 4198 824 4238 seu
836 4183 863 4237 in
915 4178 1025 4245 siletur,
1035 4176 1061 4232 in
1072 4193 1124 4248 iqua
1139 4177 1284 4236 herbarum
1300 4179 1488 4253 lignorumque
1502 4184 1663 4257 germinatio
1674 4187 1708 4242 de

155 4273 864 4350 reatina,qnodnnturaliterhomininoninsit.lltne
916 4284 989 4327 terra
1012 4270 1187 4342 praecipitur,
1209 4271 1235 4327 in
1257 4273 1355 4342 quilms
1377 4276 1619 4334 administrationis
1639 4292 1708 4335 snae
1775 4308 1778 4315 ·

155 4373 265 4443 ,siergo
280 4372 369 4427 ornnis
382 4371 485 4441 species
500 4370 571 4425 vitae
586 4370 611 4423 in
626 4368 735 4423 homine
746 4376 797 4432 est,
810 4381 864 4422 noo
916 4366 1042 4420 virtutem
1064 4366 1204 4436 corporcis
1227 4364 1351 4421 sensibus
1370 4365 1535 4422 nraniiestat.
1556 4366 1614 4425 Non
1634 4371 1706 4440 quod

155 4500 170 4535 .,
182 4467 229 4522 sed
243 4464 352 4529 multas,
365 4472 394 4517 et
411 4479 425 4517 a
441 4477 470 4517 se
481 4460 636 4517 differentes
648 4460 718 4514 vitas
731 4459 863 4523 continet,
916 4459 975 4530 ipsa
993 4456 1097 4527 species
1110 4457 1181 4511 vitae
1204 4456 1230 4511 in
1246 4463 1343 4510 natura
1363 4472 1452 4511 renun
1472 4457 1708 4530 proportionaliter

155 4574 180 4616 rs
190 4556 371 4614 irrationalem
384 4563 412 4611 et
425 4554 596 4619 rationalem,
612 4552 765 4609 sensualem
785 4552 863 4606 simul
916 4545 1080 4603 subsistendi
1093 4545 1182 4601 loetum
1194 4561 1245 4600 non
1257 4545 1395 4613 obtineat,
1412 4561 1465 4603 non
1478 4548 1552 4603 enim
1565 4549 1709 4619 parvipen-

155 4649 293 4707 rrninalem
305 4668 311 4703 :
325 4650 429 4704 intuere
442 4647 594 4719 diligentius
614 4648 748 4701 hnmanae
759 4647 865 4700 animae
917 4637 1004 4693 denda
1019 4645 1060 4691 0⁵¹
1072 4638 1113 4692 Vll
1124 4635 1168 4690 iila
1180 4636 1326 4702 dimidiis,
1343 4652 1412 4708 (1⁰³0
1423 4640 1524 4706 millii·
1539 4653 1609 4711 quae
1620 4648 1710 4697 ieme

155 4742 222 4803 rtias,
232 4752 301 4809 qnae
314 4740 377 4794 dum
393 4738 429 4792 sit
443 4738 524 4791 nnius
537 4735 711 4804 ejusdemque
721 4734 868 4790 subsisten-
918 4726 1048 4783 radicitus
1064 4727 1216 4792 inhaerent,
1231 4735 1258 4781 et
1274 4736 1393 4783 exterra
1408 4730 1544 4796 oriuntur,
1559 4729 1708 4788 secundum

155 4838 183 4885 et
195 4827 313 4889 virtutis,
328 4835 354 4882 ct
365 4826 529 4897 operationis
542 4825 568 4879 in
579 4825 703 4880 ominibus
714 4824 793 4880 simul
806 4838 864 4879 cor·
918 4820 1050 4875 infinitam
1076 4821 1297 4877 numerositatem
1319 4823 1489 4880 surculorum
1510 4825 1712 4899 herbarumque

155 4934 189 4975 us
212 4916 338 4974 humanis
359 4925 387 4972 et
400 4916 572 4989 generaliter,
586 4923 613 4968 ct
627 4915 655 4971 in
675 4913 787 4985 singulis
803 4928 865 4983 spe·
918 4921 945 4967 et
971 4911 1056 4966 nutrit
1073 4920 1102 4965 et
1121 4923 1216 4982 anget,
1242 4913 1322 4984 inque
1347 4914 1452 4984 species
1472 4916 1610 4989 proprias,
1630 4916 1710 4985 juxta

155 5023 197 5075 er,
207 5019 318 5065 eurrctos
335 5017 425 5063 tamen
439 5006 535 5062 vitales
549 5015 649 5071 neotus,
658 5004 869 5061 administratio·
920 5004 1086 5075 singolorum
1113 5020 1242 5076 generum
1265 5005 1484 5077 similitudinem,
1509 5018 1537 5064 et
1559 5007 1709 5065 naturalem

155 5098 423 5170 uein'oorporesuo,
437 5099 507 5153 intra
526 5112 573 5153 seu
593 5106 670 5152 extra
697 5104 784 5167 potest
807 5111 870 5166 per-
920 5097 1140 5167 consequentiam
1166 5096 1278 5163 llorum,
1306 5096 1461 5163 iructuom,
1487 5100 1637 5164 seminum,
1661 5115 1710 5169 pcr

155 5207 171 5247 ι.
187 5189 326 5262 Siquidem
340 5190 410 5245 ultra
423 5202 567 5259 corporeos
580 5204 677 5244 sensus
687 5196 714 5241 et
725 5187 869 5243 ratiocina-
920 5200 1048 5242 numeros
1074 5187 1193 5242 locorum
1217 5193 1244 5241 et
1269 5197 1419 5254 temporum
1444 5187 1577 5257 producit.
1609 5188 1709 5242 Verum

155 5284 316 5356 lintelligit,
331 5292 361 5337 nt
379 5280 497 5353 angelica
510 5281 579 5344 vitn;
595 5281 621 5334 in
637 5280 761 5335 sensibus
771 5295 868 5350 eorpo-
921 5277 1048 5348 quoniam
1063 5284 1139 5331 extra
1152 5291 1250 5346 corpus
1264 5277 1302 5331 nil
1313 5291 1394 5349 agere
1407 5278 1557 5347 praevalet,
1579 5292 1629 5333 ncc
1647 5293 1710 5349 per-

155 5377 350 5433 sentiendium
366 5381 473 5429 exercet
495 5372 671 5427 similitudine
697 5371 869 5426 irrationabi·
920 5367 1009 5423 lectae
1026 5364 1114 5432 vitae,
1134 5365 1347 5436 corporibusque
1365 5365 1515 5431 absolutae,
1535 5365 1661 5421 virtutem
1683 5366 1710 5421 in

719 5540 846 5597 tantas
862 5537 1061 5597 trementes.

155 5684 361 5739 ldiatrlbnitnr.
413 5680 575 5737 'Adonnrl
625 5677 859 5737 'Crotionohilia
910 5676 957 5731 ‘et
979 5679 1083 5734 omli.
1133 5676 1333 5734 'animem-C.
1386 5675 1521 5748 ‘calpen
1572 5679 1709 5742 'Calicis

155 5770 247 5827 erpere
260 5770 314 5810 ctae
322 5771 332 5820 ,·
348 5752 419 5810 dcet
429 5750 509 5808 lineis
523 5751 632 5809 delevit.
668 5749 679 5783 ⁹
697 5750 771 5808 Act.
