3984 6534
172 458 227 517 un
598 456 643 516 ne
662 456 830 517 ntvrstoun
849 456 1025 517 nuruunn.
1044 489 1079 501 -
1096 459 1198 515 nunna
1218 456 1377 515 nunnius.
1748 440 1801 518 u's

173 576 326 633 diametros
337 572 346 607 ¹
358 584 402 632 est
420 574 502 634 totius
513 578 630 636 ambitus
643 579 783 653 uorologii.
797 580 900 673 Q
912 581 965 637 boc
977 582 1004 643 Α
1017 589 1132 649 reperta,
1144 578 1223 635 facile
1245 589 1297 645 εει,
1313 577 1425 643 lineam,
1440 590 1508 646 quae
1532 574 1628 633 dividit
1659 576 1687 631 iu
1711 586 1803 646 partes

175 680 192 723 e
223 664 318 721 utubra
339 666 402 737 styli
417 666 444 721 in
464 668 634 739 aequinoctio
646 670 794 725 diametros
808 680 850 725 εει
863 680 890 726 ει
902 669 965 741 styli
1017 668 1153 739 aequales,
1166 668 1354 723 incunctanter
1367 667 1533 739 dignoscere.
1547 667 1662 723 Proinde
1675 682 1725 737 per
1736 665 1803 724 Geo-

174 764 203 813 et
226 752 370 827 horologii.
399 756 431 811 Et
463 758 526 829 quia
557 761 645 815 orituris
670 760 818 817 diametros
847 762 880 816 ab
908 761 966 831 ipsa
1016 758 1591 831 metricosregisPtolemaei,quantapurtio
1603 758 1802 815 tellurisesset'

174 845 304 918 sphaera,
317 858 365 901 scu
381 845 496 910 circuio,
507 848 582 918 cujus
593 850 739 907 diametros
750 859 800 916 est,
813 851 894 922 duplo
919 868 965 908 sn·
1017 852 1087 909 inter
1102 852 1209 907 lleroeu
1225 861 1252 907 et
1272 851 1399 924 Syenem,
1411 851 1512 905 certior
1530 848 1617 905 iacms
1629 849 1640 881 ⁸
1653 864 1702 921 per
1711 850 1805 906 simili·

172 946 306 1009 peratur,
327 936 482 993 necessario
493 939 587 994 cimbra
602 941 664 1012 styli
677 942 772 997 circuli
783 942 896 1013 duplicis
919 959 966 998 ra·
1017 943 1136 1000 tudinem
1159 943 1282 1007 undnae,
1294 942 1464 998 meridionali
1479 951 1598 1011 tempore
1617 940 1801 1011 aequinoctia-

173 1030 279 1099 tlonern
290 1027 397 1098 reddit;
426 1030 507 1104 duplo
521 1032 592 1088 enim
607 1035 724 1090 vincitur
737 1035 770 1090 ab
784 1035 842 1106 ipso
865 1036 967 1092 circulo
1017 1036 1051 1090 lis
1063 1036 1114 1090 dici
1131 1037 1157 1089 in
1171 1036 1348 1107 septingentis
1363 1034 1458 1089 studiis
1471 1048 1551 1088 unam
1573 1042 1677 1103 partem
1698 1031 1803 1089 invenit

175 1132 230 1177 neu
242 1118 372 1191 spinnem
387 1120 467 1192 culus
482 1122 613 1179 medietas
633 1125 806 1181 constituitur
819 1128 841 1180 ¹.
858 1126 924 1182 llam
939 1135 969 1183 ει
1018 1135 1193 1196 continentum.
1214 1125 1300 1192 erarn
1316 1126 1459 1181 trecenties
1475 1122 1613 1193 sexagies,
1626 1124 1677 1179 lroc
1691 1131 1743 1187 est,
1756 1136 1805 1193 per

177 1206 284 1267 denarii
295 1210 411 1277 numeri,
433 1211 515 1268 veluti
541 1214 678 1283 ctrjtrsdarn
699 1215 809 1281 circuli,
826 1217 968 1287 quinarius
1018 1217 1210 1291 longitudinem
1243 1216 1445 1288 aequinoctialis
1473 1215 1567 1271 circuli
1599 1212 1803 1286 rtntdtiplicaus,

176 1298 814 1379 dirimetrnn⁸estllacitaqueratiuueborolugii
827 1308 968 1379 perspicue
1019 1306 1121 1376 absque
1141 1306 1194 1360 ullo
1212 1321 1304 1361 errore
1329 1304 1531 1375 arrtplitrnlinem
1549 1303 1631 1357 totitas
1655 1303 1757 1359 telluris
1776 1304 1805 1359 in

170 1384 326 1458 ΙἰιιιεΙΙεειε,
340 1382 385 1448 vtr'
395 1394 500 1464 sagacis
512 1395 612 1467 ingemi
629 1396 823 1453 Eratosthenes
836 1398 968 1453 arrrbitum
1019 1398 1143 1452 ducentis
1166 1398 1360 1466 quinquaginta
1386 1394 1490 1449 duobus
1519 1392 1635 1447 millibus
1658 1395 1806 1453 stadiurum

172 1484 263 1543 telins
272 1492 362 1541 terrae
370 1484 462 1543 subtili
473 1487 597 1558 indagine
611 1486 623 1520 ⁸
637 1488 785 1559 requisivit.
796 1488 835 1545 dc
851 1489 968 1558 primum
1019 1486 1130 1556 reperit.
1146 1486 1320 1555 Septingenta
1337 1500 1453 1556 uacunque
1468 1484 1552 1538 stadia
1568 1485 1712 1540 trecenties
1726 1500 1805 1541 scaa-

174 1573 287 1649 qrtidem
301 1574 436 1646 cognovit,
451 1575 580 1631 ambitum
593 1576 797 1643 aequinoctialis
810 1578 913 1637 circuli.
923 1581 969 1649 qui
1018 1562 1077 1651 gies
1098 1578 1272 1650 multiplicata
1294 1578 1408 1632 ducenta
1430 1576 1622 1647 quinquaginta
1644 1576 1697 1632 duo
1724 1576 1808 1633 millia

170 1670 265 1723 tntum
278 1664 373 1721 mirera
387 1672 537 1732 terrarum,
555 1676 693 1739 tonrnqne
709 1668 853 1725 caelestem
873 1671 971 1739 spirae·
1021 1670 1169 1726 stadiorum
1183 1670 1322 1739 colligunt.
1341 1670 1426 1737 erem
1441 1683 1585 1723 nutricium
1598 1667 1746 1739 acqualiter
1767 1670 1808 1725 dis

172 1766 237 1809 reru
252 1753 282 1811 in
299 1754 369 1811 duas
379 1755 507 1826 aequales
520 1766 594 1813 secat
618 1768 719 1829 partes,
742 1760 871 1815 trecentis
892 1776 970 1816 serta-
1021 1760 1127 1824 videus,
1141 1760 1313 1815 uredietatcm
1331 1758 1413 1823 iilius,
1429 1758 1480 1813 lroc
1506 1767 1562 1823 est,
1578 1768 1688 1814 centum
1714 1758 1807 1829 viginti

173 1844 253 1919 ginta
267 1845 391 1917 partibus
405 1846 545 1917 compleri.
562 1846 683 1915 erarum
706 1848 893 1907 duodecimam
908 1867 970 1921 por-
1021 1866 1069 1907 scs
1083 1850 1166 1906 millia
1182 1849 1330 1905 stadiorum
1346 1848 1371 1902 in
1390 1847 1523 1903 diametro
1538 1847 1652 1914 telluris,
1664 1849 1745 1919 inque
1769 1848 1809 1903 lu-

179 1936 429 2003 elambuere,
442 1939 550 2009 triginta
575 1942 801 2010 partes,duabus
818 1942 1073 2012 lterisoririssnae
1103 1957 1136 1997 ac
1174 1952 1264 1996 terrae
1303 1940 1503 2011 intercapedine
1534 1938 1704 1995 intellexerat
1737 1955 1807 1996 esse.

171 2036 232 2085 m
252 2024 385 2094 neddere,
404 2040 454 2083 nen
479 2028 542 2084 'de
566 2028 634 2095 loco,
650 2046 697 2100 per
709 2042 970 2101 quernmoventnr,
1021 2032 1125 2088 Exinde
1137 2040 1268 2102 quantum
1290 2027 1402 2101 perlecti
1428 2030 1531 2084 numeri
1560 2028 1587 2083 in
1613 2028 1656 2085 bis
1685 2031 1811 2085 euntibus

176 2114 314 2173 recedere
343 2114 355 2149 ⁸
381 2114 566 2175 indubitanter
600 2119 742 2175 intellexit.
776 2123 870 2194 ltaque
897 2124 970 2192 quod
1021 2117 1630 2187 vigent,senariusvidelieetetseptenarius
1647 2125 1675 2172 ct
1697 2128 1811 2173 octona·

179 2208 280 2265 umbra
291 2208 318 2264 ln
332 2206 470 2282 liorologio
493 2212 584 2266 sensui
605 2212 716 2280 indicat,
737 2213 788 2269 lroc
815 2214 971 2271 caelestium
1022 2214 1088 2277 rins,
1103 2212 1129 2267 in
1145 2212 1242 2283 quibus
1255 2211 1371 2267 marinna
1386 2211 1543 2283 synnphonia
1565 2211 1684 2266 musicae
1696 2220 1809 2266 rnatum-

174 2297 547 2371 enrpornat'iueessabilem
564 2311 666 2357 rnotum
688 2302 794 2359 edicere
818 2306 887 2360 ratio
907 2321 971 2377 pro·
1022 2303 1085 2359 liter
1109 2302 1300 2367 constituitur,
1326 2316 1396 2371 quae
1413 2301 1542 2371 diapason
1565 2302 1697 2357 venitur!
1725 2301 1812 2357 ilabet

177 2388 236 2447 bnt.
248 2386 308 2445 son
318 2390 393 2447 enlm
409 2393 502 2448 umbra
523 2395 584 2465 styli
598 2410 647 2465 pcr
657 2395 810 2465 horologica
831 2397 972 2453 intervalia
1022 2395 1095 2449 euim
1108 2403 1171 2450 octo
1183 2410 1274 2458 εοιιεε,
1284 2403 1387 2462 septem
1401 2394 1497 2462 spatia,
1507 2408 1553 2449 sex
1572 2403 1658 2449 tonos.
1682 2392 1811 2449 Senarius

175 2491 345 2547 ιιιοιειειιιι,
360 2483 450 2539 sitnon
464 2484 614 2540 aetherium
636 2501 734 2555 corpus
754 2503 814 2543 cnm
839 2489 972 2546 sideribus
1022 2500 1140 2557 rtarnque
1154 2500 1282 2541 numerus
1300 2485 1477 2555 perseipsum
1495 2483 1695 2555 multiplicatus,
1716 2486 1743 2542 id
1758 2493 1811 2551 cst,

177 2570 237 2629 etri!
251 2570 325 2629 eirca
344 2578 447 2629 terram
460 2572 725 2632 circumvolveretur.
735 2578 811 2644 Qttod
824 2593 889 2650 ergo
902 2583 974 2637 valet
1023 2592 1070 2632 sex
1084 2577 1182 2640 sexies,
1191 2577 1300 2647 triginta
1313 2592 1361 2631 εει
1375 2574 1464 2631 efficit.
1478 2575 1536 2644 Quo
1549 2591 1661 2631 nurnero
1672 2576 1695 2631 si
1706 2585 1810 2645 septem

178 2662 266 2721 lttniee
278 2664 635 2735 temeinruetlinmuudi,
657 2669 710 2726 iane
738 2670 809 2727 valet
831 2674 918 2744 stylus
944 2674 972 2730 in
1024 2668 1108 2724 millia
1121 2667 1358 2738 multiplicaveris,
1381 2668 1502 2723 invenies
1524 2669 1605 2724 totius
1630 2669 1703 2725 orbis
1728 2668 1813 2724 atarbi-

180 2754 273 2811 tnedin
299 2755 444 2830 horologii.
471 2756 506 2813 lit
533 2759 758 2826 quemadmodum
785 2763 881 2819 unitura
910 2764 974 2837 myli
1025 2759 1251 2830 tumasiquidem
1267 2767 1370 2829 septem
1394 2758 1476 2814 millia
1502 2759 1592 2815 tricies
1617 2774 1649 2815 ac
1670 2760 1691 2791 ¹⁰
1711 2760 1811 2824 sexies,

177 2843 256 2903 eires
279 2845 400 2917 seipsum
424 2848 618 2919 perambitum
634 2852 737 2920 scaphii
750 2853 973 2923 circumducitur,
1024 2860 1071 2905 aut
1101 2850 1210 2922 triginta
1239 2866 1286 2905 sex
1310 2850 1409 2920 septies
1435 2849 1532 2905 millies
1564 2850 1584 2882 ¹¹
1612 2849 1810 2921 multiplicata,

177 2928 223 2993 its
235 2952 380 3011 nox,qtree
391 2948 435 2996 εει
450 2942 747 3007 umbraterrae,circa
766 2944 851 3014 ipsam
873 2953 975 3003 terram
1025 2942 1140 2997 ducenta
1167 2942 1359 3013 quinquaginta
1386 2940 1439 2995 duo
1458 2939 1539 2995 millia
1561 2940 1582 2973 ¹¹
1603 2941 1750 2998 stadiorum
1773 2942 1813 2999 ia·
1852 3002 1857 3010 ,

182 3026 463 3101 ιιιιιιιῃεμεριιιε
487 3032 559 3087 aeris
573 3031 661 3088 irruam
687 3041 789 3090 aterra
810 3039 975 3108 segregantis
1026 3035 1119 3099 ciunt,
1133 3050 1187 3104 quo
1214 3050 1326 3090 nomem
1351 3035 1433 3089 totius
1460 3033 1563 3090 telluris
1589 3035 1735 3105 amplitudo
1749 3050 1811 3091 cou-

180 3116 405 3177 eirenurrsstrtr.
429 3120 476 3177 Sol
498 3132 588 3177 autem
611 3123 682 3178 idem
708 3125 741 3181 de
763 3126 923 3198 corporibus
948 3136 977 3185 ει
1026 3122 1143 3180 cluditur
1163 3123 1195 3178 ¹¹.
1219 3122 1247 3179 st
1275 3132 1365 3179 autem
1391 3123 1525 3178 senarium
1548 3124 1589 3180 sui
1611 3123 1751 3188 diametri,
1767 3124 1813 3192 qui

179 3210 619 3283 terraeetntyiinmbramlacit.
636 3211 687 3280 Qui
709 3214 829 3286 quidem,
854 3216 924 3272 sicut
948 3218 976 3273 in
1027 3222 1069 3270 est
1094 3212 1249 3279 ternarius,
1280 3212 1431 3283 ‹quavttitate
1460 3212 1694 3280 multiplicaveris,
1719 3212 1814 3267 decem

177 3301 370 3371 aequinoctio,
391 3302 542 3360 meridiano
567 3312 697 3375 tempore,
720 3306 748 3361 in
774 3304 828 3362 illis
850 3302 1008 3377 parttbnsc
1023 3315 1051 3362 et
1076 3314 1137 3362 octo
1167 3306 1273 3361 numeri
1300 3318 1434 3360 summam
1459 3303 1586 3359 conlieies
1614 3303 1651 3367 ¹⁸,
1672 3317 1721 3373 per
1732 3319 1814 3375 quarn

178 3388 262 3448 orbis
276 3399 420 3456 temrnrn,
432 3406 503 3465 quse
512 3393 702 3464 aequinoctiali
717 3396 820 3452 circulo
831 3398 976 3469 appropin—
1027 3404 1128 3465 septem
1161 3394 1243 3449 millia
1279 3392 1428 3449 stadiorum
1459 3391 1633 3462 multiplicata
1652 3391 1812 3447 diametrum

179 3484 283 3555 quant,
297 3480 326 3537 in
339 3479 538 3541 mercast
560 3486 660 3557 Syene,
684 3487 808 3543 umbram
833 3488 976 3559 gnomonis
1028 3489 1109 3543 tutius
1131 3494 1221 3543 terrae
1239 3493 1436 3541 consummant.
1450 3482 1560 3554 Septem
1582 3482 1712 3553 siquidem
1729 3484 1813 3538 millia

181 3570 556 3647 tadtnataepnaesrtaes,
571 3588 600 3635 nt
622 3578 784 3637 diametrum
808 3580 903 3653 ipsius,
925 3582 976 3638 lroc
1027 3576 1117 3632 decies
1141 3583 1169 3632 ει
1191 3575 1286 3637 octies,
1314 3587 1361 3629 seu
1380 3572 1472 3627 decem
1491 3579 1519 3625 et
1543 3580 1604 3626 octo
1624 3570 1724 3641 septies
1753 3571 1814 3627 mil·

180 3674 238 3733 ett,
251 3668 426 3725 medietatem
435 3684 484 3725 neu
500 3669 582 3741 paulo
595 3671 664 3743 pius,
680 3672 765 3740 possit
783 3672 926 3745 attingere,
939 3677 977 3731 ita
1027 3666 1090 3734 ires,
1106 3676 1214 3723 centum
1233 3664 1327 3738 viginti
1349 3678 1396 3719 sea
1414 3662 1497 3717 millia
1515 3660 1617 3716 iaciunt
1635 3660 1671 3729 ¹¹;
1692 3661 1738 3732 qui
1764 3676 1814 3718 nu·

182 3758 306 3817 mortni
320 3757 393 3815 arole
406 3757 512 3817 telluris
528 3760 627 3832 uinique
648 3760 771 3817 umbram
784 3764 932 3832 protendit,
947 3772 978 3821 ut
1027 3774 1119 3816 merus
1131 3758 1280 3814 stadiorum
1295 3763 1323 3811 ει
1338 3766 1427 3811 terrae
1441 3754 1620 3817 diametrum,
1642 3761 1670 3806 et
1684 3751 1762 3806 luuae
1775 3761 1815 3806 at-

183 3842 547 3913 mauriannensem
570 3848 652 3920 paulo
675 3850 809 3921 superius,
832 3853 975 3909 exaltetur.
1028 3866 1081 3923 quc
1106 3847 1209 3903 telluris
1230 3842 1457 3912 intercapedinem
1480 3839 1602 3894 collocat.
1624 3836 1740 3895 Proinde
1749 3854 1815 3897 ‚nen

182 3938 266 4009 Μ
276 3938 361 4011 ipsine
373 3939 564 4010 lunneprnbat
577 3940 707 3997 delectus.
723 3942 752 3998 Si
777 3944 850 3997 enim
873 3945 977 4015 aliquo·
1029 3934 1251 3996 irrationabiliter
1265 3932 1345 3986 lunae
1366 3938 1507 3997 terraeque
1521 3926 1702 3998 intercapedo,
1720 3929 1815 3983 totius-

184 4030 263 4087 ειη
274 4028 369 4085 ..nn
383 4036 475 4085 neme
488 4027 558 4083 utin
577 4028 700 4086 lunarem
713 4030 844 4086 circutum
859 4046 913 4089 110„
928 4048 977 4087 εχ.
1010 4036 1081 4099 ·que
1100 4024 1204 4082 telluris
1214 4019 1378 4092 complexio,
1395 4018 1450 4073 tuui
1470 4018 1642 4090 proportione
1652 4018 1784 4074 contineri
1799 4032 1814 4072 a

183 4118 427 4185 mammon
451 4117 575 4174 lortessis
593 4118 688 4176 solans
711 4120 780 4177 lucis
806 4136 897 4177 casum
920 4123 978 4194 ipsa
1029 4116 1197 4193 philosophis
1225 4110 1425 4187 pronuntiatur.
1446 4109 1667 4179 erattuordceint
1699 4124 1816 4182 namque

182 4208 253 4267 im
266 4216 413 4281 μιειειιιε.
432 4208 514 4276 Nam,
534 4216 565 4265 ut
587 4206 662 4266 aiunt
688 4210 854 4284 philosophi,
876 4213 979 4269 lunaris
1029 4210 1112 4267 millia
1129 4206 1293 4270 stadiorum,
1307 4203 1397 4260 decies
1417 4211 1446 4259 et
1464 4203 1549 4258 octies
1571 4199 1755 4271 multiplicata,
1768 4198 1815 4253 du-

182 4301 286 4361 ctrutt
298 4310 423 4359 nentrum
447 4310 521 4358 terra
545 4310 602 4370 est3
629 4300 752 4372 quamvis
779 4302 923 4374 aliquando
950 4304 979 4360 ln
1029 4297 1307 4368 centaquinquagiuta
1319 4296 1370 4350 duo
1381 4292 1462 4349 millia
1477 4292 1587 4356 iaciunt,
1601 4290 1730 4345 ambitum
1743 4288 1816 4343 vide·

181 4394 352 4467 ειμειιιιι
361 4392 441 4451 nitius
456 4392 594 4465 paululum
606 4392 728 4465 elongari
743 4392 778 4450 ab
799 4410 832 4450 eo
852 4395 979 4451 aestime-
1030 4390 1093 4450 ircet
1108 4399 1211 4454 terrae;
1233 4387 1393 4442 diametrum
1415 4398 1479 4439 vero
1498 4382 1570 4453 elus,
1585 4380 1717 4450 lunaeque
1736 4377 1770 4433 ab
1784 4393 1816 4435 ca

183 4496 246 4553 ttrr,
263 4486 311 4545 nbi
323 4486 456 4543 eltisslrua
469 4485 559 4558 apsis,
572 4486 625 4542 boc
635 4493 687 4552 est,
701 4484 814 4542 altitudo
828 4487 870 4543 sul
884 4484 979 4542 circuli
1031 4479 1203 4544 distantiam,
1216 4484 1318 4548 septem
1334 4472 1418 4528 millia
1432 4470 1580 4528 stadiorum
1594 4469 1681 4524 decies
1694 4475 1722 4525 et
1732 4468 1817 4525 octies

181 4584 303 4653 pnntnr
321 4590 394 4643 eree,
413 4570 528 4647 ideoque
541 4590 594 4632 uon
616 4574 792 4647 inaequalitas
806 4576 848 4632 sui
862 4576 979 4631 ambitus
1031 4570 1207 4643 multiplicata
1231 4570 1372 4637 peragunt.
1397 4560 1496 4618 liccem
1516 4567 1605 4615 autem
1618 4564 1645 4614 et
1656 4564 1726 4621 octo,
1741 4572 1817 4613 com·

182 4670 265 4729 elren
278 4676 391 4737 tum,
412 4682 507 4723 rerum
530 4668 642 4723 umbrae
668 4667 782 4724 altitude
806 4681 888 4724 causa
912 4642 1018 4724 cett-D
1029 4664 1117 4739 parati
1138 4663 1171 4718 ad
1185 4664 1277 4718 decern
1292 4665 1321 4713 et
1342 4670 1404 4721 εει,
1425 4667 1493 4724 quos
1513 4652 1554 4753 bis
1572 4661 1633 4709 octo
1648 4658 1815 4714 mensurant,

179 4758 343 4839 perussit.
352 4757 518 4815 aestimanda
530 4766 583 4815 est.
603 4757 798 4816 Eratosthenes
813 4759 895 4829 igitur
916 4774 975 4815 um·
1031 4757 1086 4812 toni
1112 4755 1232 4810 obtinent
1257 4747 1473 4820 proportioncmr
1491 4757 1578 4812 mnl⁰r
1593 4743 1665 4799 0⁰5¹ss
1687 4756 1817 4798 nument*

182 4849 544 4913 bruterneeltltudinem
567 4864 602 4904 ex
625 4848 766 4922 gnomonis
794 4849 828 4906 ad
853 4849 978 4905 umbram
1032 4858 1124 4904 tonum
1147 4845 1277 4899 minorem
1300 4836 1408 4907 colligit,
1433 4844 1610 4904 nemeamque
1631 4831 1814 4903 eiuspartem,

186 4956 275 5001 mm
283 4940 486 5013 comparatione
498 4941 675 5012 investigans,
683 4956 978 5012 cognoscensque,n0n
1032 4938 1077 5009 qui
1089 4944 1131 4992 esi
1140 4933 1270 4991 bitterius.
1284 4928 1350 4985 Nam
1363 4912 1695 4998 quemadmodumnnrem
1708 4922 1741 4975 ad
1754 4930 1816 4974 octe

188 5035 270 5095 eitrn
284 5034 368 5107 Ιμιι
381 5044 471 5092 terrae
484 5035 645 5091 diametrum
661 5033 784 5102 exarant,
807 5043 881 5090 enta
905 5034 978 5090 euim
1032 5026 1204 5099 proportione
1217 5021 1346 5094 epogdoa,
1367 5020 1404 5074 ina
1416 5018 1508 5074 decem
1521 5022 1549 5070 ct
1560 5028 1655 5070 novem
1671 5012 1704 5067 ad
1720 5008 1815 5112 decem

186 5124 312 5187 dtittldn
322 5126 407 5183 noetis
418 5136 479 5190 εει,
490 5132 591 5195 quanta
608 5124 753 5193 spissitudo
777 5124 879 5181 telluris
904 5125 978 5181 intra
1032 5128 1060 5175 ει
1070 5134 1116 5174 εει
1128 5115 1292 5172 bartnonicis
1304 5108 1530 5182 speculationibus
1539 5108 1710 5173 coaptantur.
1720 5096 1816 5157 Omme

187 5214 420 5290 aequinoctialem
434 5215 565 5272 circulum
577 5224 767 5278 ιιιειιειιεειεε,
795 5215 871 5285 prius
894 5214 980 5271 ambi·
1030 5211 1162 5282 siqnidem
1178 5220 1304 5262 nannenus
1316 5202 1402 5269 major
1414 5200 1446 5263 ¹⁸,
1462 5199 1593 5252 nriuorem
1608 5208 1638 5250 se
1652 5201 1679 5247 et
1691 5199 1815 5294 octavam

186 5314 356 5367 ιιιιειτεε
366 5306 508 5378 qmestvtt,
524 5315 564 5361 ut
584 5319 619 5362 ει
645 5320 678 5362 en
705 5306 866 5362 diametrum
889 5315 982 5378 posset
1031 5303 1144 5360 minoris
1158 5309 1261 5371 partem
1275 5295 1425 5356 corrrinens,
1440 5291 1575 5360 epogdoos
1589 5287 1615 5342 in
1636 5284 1767 5346 nuuveris,
1787 5296 1814 5335 m

188 5398 328 5460 hrenire.
342 5397 528 5469 amplitudine
542 5397 675 5468 siquidem
688 5398 782 5455 circuli
792 5413 839 5455 seu
850 5400 981 5471 sphaerae
1031 5393 1141 5449 musicis
1155 5405 1219 5445 vero
1232 5398 1309 5443 tortus
1320 5386 1341 5417 ¹¹
1353 5394 1473 5439 vocatur.
1489 5380 1536 5434 llis
1549 5391 1613 5448 ergo
1627 5372 1776 5429 rationibus
1789 5379 1817 5425 et

828 5511 953 5568 lellaili
975 5501 1175 5564 nnettettns.

229 5626 449 5690 ‘Adimten
472 5622 512 5679 rie
536 5621 593 5677 iere
613 5620 722 5688 ubique.
771 5621 874 5692 'cajus
898 5618 1022 5673 naeutetar
1043 5612 1211 5668 constituitur
1239 5622 1294 5662 om.
1318 5604 1350 5658 tt.
1401 5599 1452 5681 'd
1477 5596 1614 5649 diameter.
1663 5587 1822 5646 ‘dindo-

238 5701 310 5755 um.
348 5691 533 5751 'tenemd
570 5691 713 5747 ‘recedere
724 5706 779 5747 nm.
792 5691 825 5746 d.
862 5691 1027 5777 'torporem
1046 5698 1101 5738 ortt.
1124 5682 1156 5734 rt.
1207 5679 1346 5732 ⁸derret
1366 5670 1475 5726 tellum.
1525 5666 1574 5718 ·.t
1599 5672 1684 5717 certes
1702 5660 1817 5730 effectes.

200 5764 380 5829 'erome-
417 5764 437 5797 ¹¹
451 5760 545 5817 mittier
568 5776 623 5818 om.
638 5761 670 5819 C.
707 5760 825 5817 ¹¹ntttta
845 5775 900 5817 om.
924 5760 955 5816 i...
994 5750 1218 5810 ”cimanum
1256 5742 1429 5815 “Aspicies
1467 5733 1617 5804 “Adane
1655 5727 1821 5799 ¹⁸Astojor

185 5828 332 5905 sianum.
368 5834 526 5892 ‘terrare

994 5905 1035 5916 ...-
