3984 6534
231 421 303 477 roos
924 365 1183 465 tomuisscorr
1569 407 1578 416 ·
1820 395 1875 454 tur

230 532 311 592 nobis
324 526 441 586 laudatis
466 526 620 593 ierarchiis,
640 530 669 579 ut
681 521 805 587 aestimo,
817 520 887 578 bene
900 499 1201 591 exposui-Avirtute,
1223 525 1251 574 et
1274 515 1365 573 divina
1391 513 1524 586 analogia
1553 507 1703 583 praevisa,
1726 516 1755 563 et
1776 511 1878 567 omniun

234 617 592 690 mus,dioentcs,qnoniam
607 615 755 672 secundum
765 628 815 669 nos
829 626 905 668 sacra
917 611 1026 667 traditio
1077 613 1270 677 bonoornatu,
1300 618 1328 665 et
1352 609 1509 666 secundum
1539 606 1679 662 ordinem
1704 614 1878 674 compacaret

232 711 328 779 babet,
343 723 452 767 omnem
466 706 644 763 ierarchicam
658 705 793 761 actionem
801 704 829 759 in
840 701 1026 760 sanctissimas
1078 699 1251 770 conjunctiva
1258 699 1397 756 societate.
1410 695 1606 754 sanctissima
1614 708 1690 763 ergo
1698 692 1839 749 hostiarum
1848 710 1880 750 sa

231 803 330 861 teletas
346 800 441 868 dividi,
455 807 485 856 et
496 798 601 856 divinas
622 813 717 855 earum
738 797 867 854 scientias
887 806 915 854 et
927 794 1028 851 doctri·
1078 791 1229 849 cribratio·
1235 792 1351 864 primam
1362 791 1472 863 quidem
1485 788 1577 845 habet
1590 787 1763 844 deiformem
1770 789 1880 844 abutum

232 908 294 960 nas,
307 899 336 949 et
363 891 398 947 ab
410 889 477 962 ipsis
494 903 572 945 sacre
585 887 731 961 perfectos.
757 885 817 943 lion
829 901 895 956 ergo
909 884 1026 943 sanctis·
1078 894 1202 944 sanctam
1231 884 1453 957 imperfectorum
1492 882 1708 955 purgationem
1741 898 1748 935 :
1781 881 1879 936 meam

231 983 300 1039 sima
314 979 424 1052 quidem
444 978 685 1051 supercaelestium
699 978 880 1035 essentiarum
891 978 1026 1035 lerarchia
1079 989 1170 1036 autern
1181 987 1357 1052 purgatorum
1378 975 1619 1033 illuminatricem
1647 975 1802 1031 doctrinm
1815 992 1822 1027 :
1837 989 1879 1029 no-

229 1072 342 1130 teletam
355 1071 466 1143 quidem
481 1071 564 1127 babet
580 1071 729 1127 secundum
744 1071 873 1126 virtutem
887 1071 1027 1142 propriam
1078 1071 1218 1129 vissimam
1248 1085 1313 1128 vcro
1339 1079 1368 1126 et
1388 1071 1517 1142 priorum
1553 1067 1809 1125 consummativam
1827 1082 1877 1122 ua·

228 1164 280 1223 ilci
294 1173 323 1222 et
337 1165 491 1221 divinorum
506 1164 792 1219 immaterialissimam
806 1161 1025 1233 intelligentiam,
1079 1165 1196 1222 dirorum
1239 1163 1267 1220 in
1311 1163 1427 1220 scientia
1471 1161 1676 1233 pulchrarum
1715 1160 1876 1216 doetm'narnn

183 1319 194 1343 .
230 1265 260 1314 et
286 1256 479 1314 deiformitatis
496 1256 690 1328 integritatem,
704 1257 795 1310 etut¹
811 1253 951 1324 possibile,
971 1254 1028 1310 Deo
1078 1255 1352 1316 consummationem.
1391 1255 1451 1326 lpsa
1482 1264 1585 1311 autem
1625 1253 1830 1310 nuntiantium
1842 1252 1877 1307 di·

172 1366 187 1408 e
228 1348 346 1407 similem
359 1349 503 1406 habitum:
519 1349 546 1404 in
570 1348 714 1419 lucemque
735 1347 848 1413 ducens,
868 1346 944 1403 etad
965 1361 1026 1401 san⁴
1078 1353 1211 1425 sposido,
1241 1355 1269 1409 in
1298 1351 1402 1425 potenti
1437 1350 1548 1405 virtute
1580 1349 1704 1419 prima,
1725 1362 1770 1419 per
1790 1347 1878 1403 teleta

177 1447 209 1505 a.
229 1451 303 1499 cum
324 1442 412 1514 ipsam
437 1443 698 1500 consummationem
721 1440 1027 1498 ducens¹circalienm
1077 1447 1383 1520 pnrgarimperrectos:
1406 1441 1435 1498 in
1458 1440 1560 1497 media
1585 1448 1695 1495 autem
1711 1437 1790 1494 hum
1810 1437 1878 1492 ducit

228 1537 384 1608 primitivas
406 1537 541 1594 essentias
563 1551 712 1606 sacrosque
734 1534 844 1590 ordines
858 1532 1027 1589 deiformiter
1078 1551 1227 1615 purgata„
1253 1542 1281 1597 in
1304 1540 1400 1596 nitima
1418 1551 1487 1592 cero
1506 1544 1539 1591 ct
1561 1533 1771 1590 sublimissima
1791 1529 1877 1588 nuif-

206 1625 259 1718 pet
271 1625 514 1700 proportionaliter
530 1627 684 1682 transvehit
707 1627 742 1680 ad
762 1626 876 1681 donatas
894 1624 935 1680 eis
955 1637 1027 1679 sem-
1079 1639 1199 1694 cariatum
1212 1635 1342 1692 virtatem
1357 1629 1464 1702 pcrdeit
1486 1627 1592 1683 divino
1622 1626 1732 1682 lumine
1751 1623 1875 1681 conuiui-

228 1733 278 1790 per
291 1716 404 1775 deificas
418 1718 546 1774 selemias
567 1716 602 1773 ab
616 1717 675 1788 ipsa
696 1730 746 1786 W
769 1716 892 1787 seipsam
905 1712 1027 1787 bessem
1077 1740 1173 1787 cautes
1186 1729 1212 1785 in
1225 1723 1476 1797 contemptabilium
1494 1719 1750 1776 illuminationum
1765 1715 1875 1774 subdiu

231 1816 260 1864 et
294 1806 464 1879 sapientifica
501 1806 657 1862 divinorum
692 1806 845 1861 animorum
874 1803 1024 1860 divinitate.
1079 1814 1373 1889 contemplationibus.'
1410 1809 1622 1866 perfectorum
1677 1815 1769 1863 autem
1810 1809 1875 1859 nram

229 1897 309 1970 lpsae
322 1909 413 1956 autem
427 1899 578 1971 primarum
593 1899 774 1954 essentiarum
784 1895 923 1965 subiectae
936 1896 1027 1966 dispo
1040 1913 1067 1979 B
1078 1911 1167 1983 prims
1188 1909 1299 1979 qnidam
1315 1914 1357 1962 est
1377 1917 1524 1975 purgans:
1551 1900 1657 1957 madia
1670 1916 1741 1956 sem
1762 1909 1873 1971 passm.

230 1993 355 2062 ὃῑῑῑθΰθῦ,
370 1999 500 2062 lanium
522 2005 572 2064 per
594 1989 655 2046 ¹¹¹³⁵
675 1989 805 2045 dilissllus
832 1986 968 2044 0¹³¹¹²¹²0
991 1985 1026 2042 ad
1077 2003 1214 2075 gailonem
1222 1999 1386 2063 illuminans,
1402 1993 1632 2065 etqoorundam
1650 2000 1808 2048 sanctorum
1827 2005 1872 2045 ua

230 2083 357 2140 deificam
381 2084 533 2141 divinitatis
558 2082 799 2148 illuminationem.
823 2080 940 2151 perfecti
954 2077 1028 2134 ordi·
1077 2093 1253 2164 templariis:
1277 2092 1372 2146 ultima
1391 2098 1485 2144 antean
1502 2096 1534 2142 et
1546 2086 1684 2142 divinior
1706 2083 1872 2152 aiiaromipa

229 2186 320 2234 neset
344 2186 408 2235 sunt
428 2187 457 2235 et
475 2193 541 2235 vere
565 2177 749 2233 nominantur.
770 2175 837 2232 Post
861 2174 935 2230 iliam
961 2185 1027 2228 vero
1077 2194 1236 2244 satiatas-nm
1256 2186 1465 2256 pincianicam,
1490 2195 1624 2251 quornm
1641 2179 1873 2246 afficitnnannno

228 2270 376 2328 caelestem
399 2279 427 2327 ct
455 2270 704 2342 supermundanam
728 2268 894 2324 ierarchiam
923 2266 952 2321 in
980 2279 1025 2331 ca,
1077 2274 1202 2349 piatrix,
1244 2275 1401 2337 iiinrninnns
1442 2271 1719 2329 consummativam
1752 2270 1870 2327 scierim.

229 2378 301 2436 quae
319 2366 472 2422 secundum
491 2380 541 2421 nos
556 2372 629 2432 sunt,
650 2363 772 2420 benefice
789 2362 877 2420 deitas
898 2360 1045 2418 sacratis-‘
1079 2368 1198 2425 Sanctae
1230 2382 1295 2439 crgo
1329 2366 1472 2421 teletarum
1511 2363 1671 2436 ierurgiae
1713 2363 1782 2418 trina
1811 2363 1870 2416 rita

227 2456 315 2512 simas
328 2471 392 2511 suas
417 2457 579 2513 donationes
604 2453 692 2510 affert.
720 2454 831 2509 ilitibus
850 2454 959 2523 quidem
980 2452 1028 2522 qni
1078 2457 1213 2523 laudatur,
1237 2469 1331 2512 sacrae
1356 2453 1465 2525 quidem
1494 2452 1716 2524 theogenesiae
1734 2469 1766 2508 ex
1787 2449 1868 2520 clami

229 2554 295 2602 sunt
322 2546 472 2602 meandum
507 2545 656 2615 eloquium,
686 2543 796 2599 donavit
832 2541 910 2612 juxta
938 2541 1027 2612 legem
1078 2547 1269 2617 comprobatae
1292 2543 1453 2616 purgatione
1463 2550 1494 2598 et
1505 2542 1674 2612 photistica
1689 2541 1865 2599 illuminatior:

226 2633 396 2693 ierarchiam
409 2635 534 2695 obscuris
546 2650 675 2694 verorum
691 2634 896 2691 characteribus
916 2640 943 2689 et
966 2632 1027 2688 lou·
1078 2653 1212 2711 synareos
1238 2646 1330 2692 autem
1353 2646 1382 2690 ct
1406 2632 1477 2705 myri
1516 2633 1630 2689 teletae
1667 2632 1864 2691 consummarint

229 2726 351 2800 gissimis
371 2727 563 2800 principalium
586 2726 770 2798 exemplorum
797 2724 1027 2798 inconsequentiis
1079 2730 1232 2787 divinorum
1247 2737 1356 2784 actuum
1372 2725 1534 2798 cognitione
1548 2735 1578 2782 et
1600 2728 1739 2795 scientia,
1752 2741 1795 2799 per
1807 2738 1860 2798 quaa

140 2888 149 2898 ,
229 2826 260 2875 et
272 2818 379 2892 figuris,
403 2834 459 2877 non
475 2820 547 2877 benc
561 2819 707 2876 discretam
731 2816 909 2885 habentibus,
935 2815 1026 2873 occul·
1077 2822 1250 2881 sacerdotum
1262 2820 1492 2877 taddivioitatem
1504 2828 1653 2890 tanquam
1665 2820 1764 2877 unihca
1774 2830 1858 2888 anam

227 2917 286 2965 tam
303 2910 344 2966 eis
367 2909 624 2982 contemplationem
648 2908 677 2964 in
705 2907 771 2980 ipsis
796 2907 885 2963 lucem
910 2905 1026 2961 infirmis
1077 2921 1105 2972 et
1116 2913 1276 2970 beatissima
1291 2911 1507 2968 communicatio
1530 2912 1701 2982 perficitur.
1716 2911 1855 2968 humata

225 3001 383 3074 aspectibus
401 3002 520 3059 innocue
543 3001 697 3058 declarans.
721 2999 791 3055 lluic
813 3007 905 3054 autem
930 3011 1027 3053 merin-
1078 3006 1274 3065 sacerdotalem
1300 3005 1508 3074 dispositionem
1540 3012 1852 3075 consequentercouru

230 3092 296 3148 dum
310 3092 399 3166 legem
412 3093 567 3150 lerarchiae
580 3093 661 3149 teleta
676 3091 785 3163 quidem
803 3091 837 3145 ad
855 3087 1025 3160 spiritualem
1077 3097 1152 3166 dnm,
1167 3097 1195 3151 in
1212 3095 1384 3168 purgativam
1396 3103 1424 3149 et
1442 3093 1672 3153 illuminativam
1684 3106 1713 3154 et
1723 3103 1847 3153 eornm

227 3180 279 3239 liei
292 3183 395 3238 cultum
409 3199 530 3257 anagoge
545 3202 553 3240 a
575 3184 786 3242 manuductores
813 3188 904 3237 autem
917 3180 951 3235 ad
964 3194 1025 3234 eam
1077 3191 1161 3246 diam
1175 3191 1377 3248 ordinatinem
1392 3188 1510 3245 divisam
1903 3168 1905 3174 '

226 3274 282 3348 ipsi
312 3284 436 3331 sanctum
465 3277 532 3333 illud
556 3276 763 3333 tabernaculum
786 3289 803 3330 a
830 3273 922 3345 lloyse
948 3275 1062 3339 sacrec
1355 3281 1561 3340 cipiduhiiii
1585 3283 1621 3340 v,

229 3367 339 3432 eruditi,
352 3369 443 3440 primo
463 3369 614 3426 secundum
633 3369 722 3439 leuem
740 3367 899 3439 illlnlffltum
916 3369 1027 3423 doctore
1197 3375 1238 3430 De
1249 3373 1456 3431 sacerdotalibus
1470 3374 1757 3430 consummationibus.
1887 3414 1904 3441 t,

226 3467 258 3517 et
282 3460 361 3516 duee.
381 3460 424 3515 Ad
448 3461 521 3530 quod
542 3469 665 3516 sanctum
679 3456 885 3514 tabernaculum
906 3456 1028 3512 introdn-
1112 3465 1292 3536 Lasqoident
1307 3466 1375 3520 iracc
1389 3472 1431 3519 cst
1444 3463 1611 3519 thearchiae
1624 3462 1828 3527 sacratisa'nit
1876 3446 1905 3572 ὦ

227 3551 301 3608 ctive
332 3550 537 3606 sacroscribens
563 3551 711 3606 secundum
734 3549 821 3620 legem
849 3548 1025 3616 lerarchiani,
1076 3558 1164 3629 prima
1186 3557 1305 3613 secanda
1328 3556 1362 3611 ad
1376 3554 1579 3611 divinissimam
1595 3570 1680 3610 snam
1698 3546 1824 3610 ammei

228 3640 1024 3713 c¹¹²l³¹l³⁸0f⁰f⁰¹¹¹¹²<³⁰ifi'1115042iffl1llefSi¹¹²¹¹¹¹⁰¹¹¹⁸¹¹¹⁸t
1077 3663 1146 3704 cern.
1162 3648 1202 3702 An
1217 3663 1270 3703 non
1284 3645 1426 3703 sensibiles
1442 3644 1646 3700 elementorum
1660 3635 1819 3701 mitada
1873 3679 1878 3722 ⁴.

227 3741 310 3792 vocat
343 3735 435 3792 omnia
462 3735 611 3792 secundum
644 3733 732 3805 legem
764 3732 927 3789 sacrificata.
955 3734 1026 3789 Ante
1076 3756 1137 3798 mus
1154 3740 1182 3796 in
1203 3741 1289 3812 magis
1311 3740 1352 3796 eis
1367 3737 1525 3810 cognatiora
1549 3739 1672 3807 primum
1686 3733 1814 3791 emicaret

204 3842 294 3889 ¹vero
319 3827 477 3900 perfectas
502 3828 633 3902 legalibus
659 3825 790 3899 symbolis
814 3825 1025 3897 proportionali·
1076 3847 1125 3903 per
1149 3831 1193 3885 itia
1215 3831 1242 3886 in
1262 3830 1314 3885 alia
1335 3831 1470 3900 propriam
1494 3828 1651 3886 dividentes
1671 3814 1810 3899 operatura!
1878 3812 1905 3904 Ι]

230 3931 274 3979 ter
297 3922 332 3977 ad
358 3922 549 3996 perfectiorem
579 3923 730 3979 doctrinam
766 3922 932 3978 reducimus.
959 3919 1023 3975 Per·
1076 3919 1191 3977 Pulchre
1216 3934 1280 3990 ergo
1304 3919 1393 3975 omnis
1416 3917 1559 3973 invisibilis
1582 3925 1614 3974 et
1635 3914 1805 4004 vhihiihanttt
1867 3895 1902 4010 ἶ

229 4011 373 4068 fectiorem
389 4023 480 4069 antem
493 4014 646 4070 doctrinam
662 4014 796 4086 theologia
811 4013 960 4070 secundum
974 4026 1025 4067 nos
1075 4015 1237 4088 principium
1262 4022 1290 4068 et
1311 4011 1517 4066 fondamentum
1545 4011 1575 4066 iu
1599 4008 1802 4068 deiformiores*
1849 4040 1886 4090 ts

228 4100 396 4159 ierarchiam
417 4104 484 4160 dicit
513 4105 708 4176 plenitudinem
731 4105 802 4161 banc
827 4105 904 4161 illius
923 4119 1024 4161 vocans
1076 4122 1135 4163 mos
1154 4105 1224 4161 indit
1242 4104 1353 4160 deificos
1370 4103 1459 4158 radios
1477 4102 1593 4168 venire,
1618 4110 1646 4157 et
1666 4115 1708 4173 per
1723 4094 1800 4152 illa*
1855 4086 1905 4184 ss*

227 4199 380 4252 asatorum
394 4193 488 4250 finem.
513 4193 562 4250 list
582 4204 672 4251 autem
689 4205 717 4250 et
738 4194 864 4251 caelestis
886 4204 914 4250 et
930 4195 1025 4269 legalis
1074 4215 1157 4273 quam
1171 4197 1316 4255 lucidiores
1330 4197 1481 4262 aniinos,et
1495 4196 1529 4250 ad
1543 4176 1797 4266 participationes*
1844 4220 1905 4282 sm

229 4285 478 4344 communicativae
499 4286 641 4342 medietati
663 4295 846 4343 extremarum
859 4296 980 4357 recepta,
997 4286 1025 4342 ei
1074 4293 1118 4350 nis
1131 4300 1160 4348 et
1176 4289 1349 4346 traditionem
1370 4296 1552 4360 opportunam
1574 4288 1706 4349 hahentes,
1718 4281 1736 4335 it
1747 4269 1797 4338 tii*
1842 4271 1905 4371 is„

228 4379 339 4453 quidem
359 4379 564 4438 communicans
575 4379 802 4437 intellectualibus
820 4377 1025 4449 contemplatio·
1076 4393 1134 4441 ctos
1160 4381 1399 4454 proportionaliter
1428 4382 1468 4437 eis
1493 4380 1586 4437 illucet
1613 4391 1641 4437 ct
1665 4365 1795 4448 superstith
1842 4400 1905 4461 ,Q

227 4472 335 4530 niblssi
365 4472 430 4529 ¹¹⁰5ss
454 4488 520 4531 iero
545 4472 577 4540 ⁸,
604 4473 669 4544 (1⁰¹³
697 4471 826 4545 Simb⁰fis
851 4469 1025 4527 sensibilibus
1075 4476 1178 4532 florum
1197 4475 1336 4546 igiturest
1350 4474 1510 4544 primomm,
1526 4470 1662 4528 deividum
1678 4460 1795 4526 nanim
1842 4490 1905 4549 snm

227 4566 363 4635 variatur,
385 4572 476 4637 etper
498 4581 531 4623 ea
545 4581 624 4623 sacre
642 4567 670 4621 in
683 4565 769 4621 Deum
790 4564 939 4619 reducitur.
961 4562 1023 4618 Tri·
1075 4568 1150 4638 pinse
1168 4566 1197 4621 in
1214 4565 1493 4631 commensuratione,
1513 4580 1584 4635 quae
1602 4566 1675 4638 jutta
1691 4557 1794 4616 usal*
1842 4576 1905 4640 'lum

228 4669 296 4712 num
309 4665 399 4711 autem
415 4655 542 4712 similiter
555 4655 638 4711 babet
649 4653 818 4710 ierarchicae
837 4650 979 4708 divisionis
995 4651 1023 4707 in
1038 4629 1188 4717 1’tenticre
1197 4659 1232 4715 ah
1242 4658 1308 4730 ipsis
1319 4673 1396 4714 sacre
1407 4657 1589 4727 contemplata
1601 4632 1794 4723 divinaret&
1844 4670 1905 4730 asp„

229 4747 419 4804 sanctissimas
453 4748 595 4804 teletarum
623 4745 836 4803 sacrificationes
868 4745 964 4812 divisa,
996 4753 1024 4800 et
1076 4751 1226 4816 etdocere,
1241 4763 1312 4820 quae
1336 4746 1488 4805 ierarchica
1506 4757 1582 4816 sunt,
1602 4763 1663 4804 cum
1674 4736 1796 4801 mah&
1844 4752 1905 4821 inus

208 4837 376 4896 'deiformes
402 4854 544 4897 sacrorum
558 4841 709 4908 ministros,
723 4849 751 4898 et
765 4840 798 4898 ab
821 4838 888 4911 ipsis
910 4852 1024 4910 propor·
1077 4840 1242 4897 summativa
1269 4839 1328 4910 ipsa
1358 4839 1449 4894 diviua
1479 4853 1546 4905 eos,
1578 4839 1626 4908 qui
1648 4841 1702 4910 post
1722 4841 1745 4887 tt
1763 4820 1797 4876 Ἀ
1844 4848 1905 4912 aa„

228 4926 367 4984 tionaliter
389 4929 417 4983 in
444 4945 523 4987 sacra
548 4930 730 4987 adducendos.
752 4930 938 5000 Unaquaeque
959 4943 1025 4982 vero
1075 4927 1320 4986 lerarchiaeshnul
1335 4928 1426 4984 omnia
1440 4926 1461 4995 ⁸,
1481 4905 1798 4990 benedooentiumtllfl*
1845 4926 1899 5014 hipp

166 5022 169 5033 '
231 5018 316 5076 trium
337 5027 447 5076 nostrae
471 5018 624 5076 lerarchiae
642 5022 804 5078 divisionum
828 5027 1026 5092 consequenter
1077 5032 1149 5079 ctam
1173 5019 1286 5077 docendi
1319 5020 1445 5076 virtutem
1476 5018 1685 5090 accipientium,
1703 5022 1724 5070 et
1740 5000 1801 5064 Μ
1846 5026 1905 5095 ‘effi

233 5110 354 5184 atlegali
378 5111 415 5168 eti
426 5110 553 5167 diviniori
565 5126 672 5180 eorum,
700 5127 769 5183 quae
788 5112 937 5168 secuudum
962 5126 1023 5180 nos,
1078 5114 1228 5172 secundum
1241 5114 1400 5184 dignitatem
1414 5125 1494 5168 sacra
1510 5113 1617 5169 cmdite
1633 5097 1805 5178 etinttgttW
1850 5121 1903 5183 tn„

227 5200 388 5281 lerarchiae
414 5206 503 5280 prima
531 5215 560 5265 et
585 5207 687 5292 media„
703 5216 731 5264 et
762 5206 866 5292 ultima
882 5190 1048 5265 ordinatur'
1077 5205 1225 5276 cipantium
1236 5204 1395 5261 sacerdotali
1407 5189 1807 5281 aasumnatioaeiboliit‘j
1852 5213 1905 5275 her.

873 5325 1001 5384 venian
1020 5321 1307 5416 unctiones-24·
1706 5354 1719 5392 g
1857 5309 1900 5425 p..

1288 5397 1321 5412 W·

262 5441 452 5499 rotomlitt.
490 5442 659 5501 manua
697 5412 849 5519 ‘hilerda
888 5443 1245 5514 *somnulentiae
1262 5397 1536 5503 'hh’rorerdortum
1576 5396 1816 5520 mitigandi*
1864 5414 1905 5453 ἦ·

230 5510 295 5571 'lna
310 5528 335 5569 e·
349 5528 378 5570 ⁰·
393 5529 420 5585 p.
436 5528 460 5574 s.
474 5529 497 5572 s.
518 5513 762 5574 tethimenem.
1122 5552 1125 5558 .
1869 5509 1894 5542 ·····-

991 5609 1115 5669 notate

308 5721 391 5778 Exitu.
415 5725 461 5779 ..v
471 5742 478 5791 ;
490 5723 578 5807 'Heba
595 5726 662 5782 vlit.
1072 5741 1101 5797 p.
1115 5723 1194 5780 titia
1207 5723 1298 5781 verbis
1310 5735 1336 5780 ‘il
1348 5721 1376 5781 ii
1389 5733 1440 5783 raia
1453 5726 1597 5801 itpouppvirv
1609 5724 1762 5798 διωῶσμισκ
1770 5725 1826 5792 ⁸54⁰?

266 5788 728 5871 bCedetJoatttttsScothuit'uit,
745 5795 1023 5853 lt.l.ttiuillusvide·
1074 5794 1171 5868 p.560
1190 5797 1388 5856 oiaoiaihia
1413 5803 1463 5854 τῶν
1494 5804 1637 5875 ‘lapsantis
1658 5796 1828 5866 sv'kustsshll
1893 5826 1905 5856 ⁴.

231 5870 277 5923 tot
292 5857 386 5919 foisse
401 5860 469 5919 llam
493 5879 552 5937 qnae
575 5866 602 5922 in
624 5866 747 5924 bordarii
769 5867 888 5927 editione
904 5867 983 5925 Toni.
1003 5868 1023 5933 l,
1076 5865 1300 5958 versiorrisoodd,
1314 5866 1514 5925 desiderantur.
