3984 6534
178 356 247 417 tatt
368 418 372 425 .
825 329 1000 393 ADRlANUS
1016 338 1105 399 eset
1122 340 1155 401 ii.

1746 353 1808 414 iili

178 476 195 517 n
208 459 379 545 nnetitnme
391 473 459 530 papa
472 457 569 541 Sergio
579 450 835 513 ιοιιιιιιιιιιιιιιιιιιι
844 454 963 513 mundis
974 459 1000 521 Α
1012 458 1168 541 impositum
1177 451 1393 540 prandentibus
1404 447 1643 534 axiomstlelutt
1655 449 1808 578 nim

178 532 351 601 quadraginta
366 537 501 600 perceptis
514 529 609 581 domus
628 541 684 582 stuc
708 535 801 596 portas
821 535 960 583 revertens
1012 528 1085 584 ttbus
1097 526 1208 596 reliquis
1221 525 1305 580 turbas
1318 539 1345 578 ιιι
1362 521 1464 577 urbem
1481 521 1589 584 redire,
1609 530 1697 589 patria

178 600 282 672 ingredi
305 599 397 660 uellet,
420 613 453 651 ae
475 612 529 668 pree
553 595 722 651 multitudine
747 611 780 665 pe
844 596 959 659 inorum,
1032 612 1065 652 tte
1077 597 1168 653 subire
1180 600 1385 662 conspexerant.
1399 591 1571 674 Verum-ubi
1593 588 1806 675 evidentibusie·

177 668 296 740 quesibi
320 667 571 722 iidurialitermore
591 664 670 720 sclito
686 663 796 719 reluta
834 663 961 719 borreum
1012 613 1090 721 siclis
1104 666 1177 719 bunc
1191 663 1313 719 eumdem
1328 672 1446 732 utraque
1467 649 1545 730 dtbgr
1568 659 1682 740 clanttt,
1706 670 1807 718 ιιιιιιι

178 750 320 794 commune
334 736 509 798 conlluserat,
523 734 633 789 omnino
648 734 791 802 nequiret:
805 733 961 788 misericor·
1012 750 1075 790 eum
1091 733 1180 788 unitas
1194 743 1221 787 et
1233 732 1384 786 animorum
1399 740 1428 785 et
1442 743 1600 798 corporum
1617 727 1679 793 luat,
1693 739 1722 785 ut
1735 747 1807 787 anon

178 806 223 862 dia
242 816 329 861 motus
346 807 463 874 equestri
484 819 533 859 suo
549 803 678 885 [equestri
701 802 879 872 dispensatori
901 800 962 873 suo]
1013 803 1041 858 in
1063 804 1103 858 eis
1128 817 1191 872 erga
1220 801 1343 857 summm
1368 797 1497 881 Domini·
1511 799 1694 880 sacerdotem
1714 815 1767 863 eor,
1785 811 1808 857 et

178 875 279 939 retulit,
296 874 332 929 nil
346 876 405 929 sine
421 873 502 928 tantis
522 870 650 927 iratribus
673 871 699 924 in
721 869 833 925 tantillis
844 870 963 926 denariis
1013 887 1083 928 unus
1098 871 1209 941 spiritns
1222 870 1311 925 inesse
1323 870 1454 923 ommbus
1470 867 1638 930 sidereum
1654 876 1690 921 tta
1709 870 1806 939 stirpis

178 945 230 1001 sibi
240 959 300 1001 esse
312 958 463 999 commune.
478 942 599 1023 Cumque
620 934 663 994 ille
685 955 771 1009 neque
786 940 872 995 tertias
888 939 963 1064 parti
1014 942 1170 1012 angularis,
1198 939 1270 995 satra
1298 937 1452 1019 merenda
1481 934 1807 1019 Jesussbristillonini

179 1028 326 1086 pauperum
341 1012 460 1082 singulos
472 1011 598 1065 denarios
616 1024 695 1080 posse
717 1007 964 1065 samosetanus
1015 1012 1120 1073 nostri,
1142 1008 1338 1079 quodammodo
1360 1016 1449 1076 pns'stt
1472 1021 1586 1060 ιοιιιιι.
1615 1006 1746 1073 monum
1769 1025 1808 1076 per

180 1093 231 1148 set,
246 1084 274 1138 in
285 1083 394 1146 rlrtute,
406 1081 541 1150 inquiens,
551 1079 661 1142 Cbristi,
676 1079 721 1147 qui
734 1079 767 1133 de
784 1079 903 1148 quinque
918 1095 964 1149 pa·
1014 1081 1207 1143 ostensionem,
1223 1076 1483 1145 imoprolectionem
1498 1090 1600 1132 suant.
1615 1075 1723 1130 solvens
1734 1076 1809 1133 inisti·

179 1153 258 1208 tribus
278 1159 306 1206 et
324 1151 428 1207 duobus
446 1149 565 1219 piscibus
606 1148 704 1218 uinque
723 1148 806 1202 millia
826 1149 964 1203 bominum
1016 1150 1095 1205 eltias
1108 1150 1242 1211 cordium,
1256 1146 1319 1201 iecit
1335 1155 1454 1215 utraque
1473 1160 1578 1199 unum.
1597 1145 1726 1200 collectis
1739 1146 1808 1214 igitar

179 1221 299 1285 satiarit,
315 1236 368 1275 non
387 1217 500 1289 singuiis
518 1165 648 1289 singtiins,
671 1218 720 1271 sed
739 1225 831 1271 ternos
853 1217 965 1287 singulis
1015 1218 1140 1273 omnibus
1154 1224 1209 1272 tant
1224 1215 1357 1286 episcopis
1377 1230 1441 1270 cum
1465 1214 1609 1268 uniretsu
1632 1214 1721 1278 clero,
1740 1232 1809 1285 quan

180 1290 306 1347 denarios
324 1288 450 1360 erogabo.
475 1287 509 1342 Ει
530 1288 588 1342 bec
603 1287 703 1351 dicens,
717 1285 867 1341 lorinsecus
881 1296 966 1354 porte
1016 1287 1181 1358 primoribus
1197 1285 1273 1341 urbis
1283 1299 1344 1340 eum
1357 1283 1627 1338 obsecundantibus
1641 1284 1691 1339 sibi
1773 1287 1807 1350 lis,

180 1361 337 1422 succedens,
352 1358 429 1413 aede
442 1371 523 1412 mann
536 1358 672 1427 equestris
690 1356 731 1410 sui
747 1356 907 1424 suscipiens,
920 1370 967 1425 pe·
1016 1357 1051 1411 ab
1061 1356 1174 1411 ecelesia
1189 1364 1289 1411 sancte
1300 1353 1345 1407 bet
1361 1352 1513 1408 Genitrieis
1527 1367 1702 1422 semperque
1732 1355 1809 1423 irgiais

178 1429 295 1500 regrinis
314 1427 419 1483 cunctis
439 1424 639 1497 egredientibus
657 1433 747 1480 ternos
770 1425 905 1495 sigillatim
920 1424 966 1479 de·
1017 1423 1119 1492 Nariae,
1139 1422 1369 1495 quaeappellatur.
1388 1422 1431 1476 td
1450 1436 1598 1492 praesepe,
1627 1424 1744 1493 rapitur,
1766 1434 1809 1478 trs

179 1499 271 1553 uarios
282 1496 413 1568 erogarit.
428 1495 456 1549 ln
471 1509 524 1565 qua
542 1494 735 1550 redundatione
748 1507 810 1548 eum
823 1493 967 1549 miraretur
1017 1494 1108 1559 bitur,
1128 1494 1202 1550 etad
1215 1492 1394 1548 lateranense
1405 1490 1625 1561 patriarchium
1639 1493 1769 1555 certatim,
1783 1510 1808 1550 se

179 1576 306 1636 equester
318 1581 369 1621 non
383 1564 470 1624 solum
486 1578 538 1618 non
551 1559 681 1617 deiecisse
696 1560 831 1626 denarios,
844 1554 966 1632 quinimo
1016 1579 1159 1634 procerum
1179 1572 1206 1617 et
1231 1562 1317 1632 plebis
1340 1560 1522 1616 ntultitudine
1551 1561 1728 1629 deportatur.
1746 1562 1807 1630 Qum

179 1635 354 1704 superfuisse,
372 1633 490 1688 liberalis
507 1632 656 1701 presbyter,
673 1631 717 1699 qui
740 1640 900 1700 supererant
920 1632 967 1686 de·
1017 1633 1158 1688 audientes
1172 1642 1236 1687 tunc
1250 1630 1326 1686 missi
1348 1629 1486 1700 principis
1507 1629 1638 1685 moleste
1657 1632 1756 1693 tulere,
1777 1633 1810 1686 is-

179 1719 252 1758 mum
269 1704 411 1774 recipiens,
425 1700 589 1755 multitudini
609 1699 717 1754 familie
737 1709 793 1754 suae
813 1708 905 1756 urnas
923 1700 965 1754 tti-
1016 1696 1122 1772 dignati
1147 1701 1253 1758 seilicet·
1275 1715 1328 1755 non
1353 1700 1426 1769 quod
1458 1708 1576 1754 tantum
1598 1700 1691 1755 sirum
1726 1701 1809 1757 uolat

179 1772 324 1828 bilominus
343 1769 506 1840 personatim
527 1770 840 1838 nummoslargitusest.
857 1769 964 1825 Atcum
981 1771 1186 1860 Bpontilicem,
1205 1785 1286 1840 quem
1316 1768 1445 1823 nimirum
1471 1769 1561 1823 anxie
1590 1771 1754 1838 cupiebant,
1772 1773 1808 1826 et

179 1854 227 1896 sex
241 1840 333 1896 itidem
355 1846 536 1910 superessent,
552 1835 645 1903 Vides,
660 1838 755 1908 inquit,
774 1852 855 1907 quam
874 1838 965 1909 largus
1016 1840 1088 1911 quod
1112 1856 1151 1906 se,
1166 1842 1229 1896 dum
1245 1847 1392 1908 presentes
1406 1844 1517 1901 essent,
1547 1837 1679 1905 Quirites
1693 1842 1809 1895 soniari-

178 1918 206 1965 et
216 1921 295 1978 quam
310 1910 401 1963 suasis
424 1908 459 1963 sit
472 1908 750 1976 omnipotentissimus
768 1907 909 1972 Dominus,
920 1907 966 1978 qul
1017 1910 1143 1973 tuserim,
1168 1917 1359 1980 acceptasses
1381 1922 1411 1962 se
1425 1902 1516 1961 lutari
1543 1910 1680 1977 presulis
1702 1911 1808 1966 sectus

178 1978 418 2050 quadragenariam
429 1977 606 2048 quantitatem
618 1990 788 2031 nummorum
800 1985 827 2030 et
839 1969 968 2033 tratribus
1017 1980 1148 2035 iuteresse
1173 1977 1369 2034 consenserint.
1396 1976 1451 2043 Qui
1470 1987 1598 2048 accepts
1621 1980 1807 2049 udones-l

179 2047 281 2102 nostris
291 2061 340 2118 per
354 2056 445 2101 ternos
457 2045 601 2111 distribuit,
617 2055 645 2101 et
666 2046 733 2101 mibi
748 2053 850 2112 ternos,
865 2046 967 2117 tibique
1016 2064 1070 2103 non
1090 2048 1204 2132 Augusti
1218 2062 1299 2103 causa
1313 2054 1503 2116 mntemptus,
1518 2048 1576 2102 sed
1593 2045 1684 2103 laturi
1699 2050 1808 2119 temporit

179 2125 272 2172 ternos
283 2130 360 2186 aequa
371 2123 444 2171 sorte
454 2115 583 2170 serravit.
1016 2118 1069 2174 ltoe
1087 2132 1217 2173 omissum
1238 2115 1319 2171 luerit
1332 2114 1446 2169 omnino
1459 2124 1635 2186 prospectu,
1649 2133 1684 2172 ne
1701 2119 1808 2174 ntem

213 2185 279 2240 Erat
288 2193 419 2256 praeterea
434 2191 516 2238 tantae
527 2183 719 2254 hospitalitatis
736 2193 763 2241 ct
776 2184 919 2256 largitatis,
936 2192 967 2239 ut
1016 2186 1314 2259 legatus-principando
1325 2184 1675 2242 electioneliomanorum
1686 2190 1809 2258 premis·

178 2269 231 2310 non
251 2254 386 2310 immerito
405 2253 484 2309 beato
502 2250 553 2309 lob
576 2257 602 2309 in
626 2255 669 2310 bis
692 2254 779 2309 valeat
792 2254 965 2322 comparari3
1016 2268 1075 2313 mos
1086 2256 1260 2326 exspectandi
1272 2269 1321 2325 per
1332 2251 1491 2320 buiusmotil
1503 2254 1642 2311 tomitem
1657 2258 1807 2322 inolesceret,

178 2338 240 2380 nam
252 2323 288 2378 ab
297 2323 410 2379 infantia
421 2322 507 2378 crevit
519 2337 579 2378 cum
592 2337 625 2378 eo
639 2323 787 2383 miseratio,
801 2327 873 2378 etde
889 2332 966 2378 utero
1016 2340 1124 2383 ornnem
1137 2340 1193 2381 sure
1214 2325 1312 2380 urentis
1326 2323 1553 2390 indignationem
1573 2327 1732 2382 medullitus
1746 2330 1810 2382 sedr-

179 2393 347 2449 matriacum
360 2392 419 2462 ipso
428 2405 536 2464 egressa
547 2402 589 2446 est
599 2391 660 2461 (dai
669 2392 755 2464 xxxi).
768 2391 826 2446 Non
837 2392 967 2462 despicio·
1016 2408 1090 2460 rere,
1104 2409 1136 2448 ac
1146 2394 1183 2456 ad
1195 2393 1366 2449 salutandum
1377 2392 1501 2448 electum
1513 2395 1611 2450 etiam
1624 2395 1677 2467 ipsi
1689 2397 1810 2452 tamdia

178 2463 225 2518 bat
242 2470 458 2533 praetereuntem,
481 2461 599 2529 eoquod
618 2477 670 2515 non
694 2462 805 2516 baberet
826 2461 967 2515 indumen·
1016 2477 1167 2520 accessere.

177 2529 335 2597 tum‚culus
349 2530 434 2585 latera
444 2529 571 2583 nimimm
587 2528 678 2585 orium
695 2529 872 2584 calefaciebat
886 2528 966 2585 selle·
1050 2532 1118 2588 Cum
1139 2547 1172 2587 ue
1185 2532 1381 2603 patriarchium
1406 2531 1612 2590 iateranenses
1638 2537 1808 2601 ascenden,

176 2599 264 2662 ribus,
278 2613 328 2654 neo
339 2598 485 2654 buccellam
500 2596 607 2668 quidem
626 2613 701 2653 suam
713 2599 871 2654 comedebat
882 2599 964 2665 solus,
1015 2608 1097 2671 atque
1119 2545 1337 2666 ffieseendcrcnt,
1367 2603 1453 2657 entis
1482 2603 1670 2661 mansoribus
1694 2608 1808 2663 aairerse

177 2682 238 2723 eum
250 2668 320 2724 banc
332 2682 393 2724 cum
407 2666 516 2740 pupillis
528 2673 558 2722 et
576 2667 669 2739 egenis
680 2667 845 2723 comederet.
862 2666 966 2739 Quippe
1016 2669 1121 2740 plebis,
1144 2678 1175 2725 ut
1186 2670 1238 2725 sibi
1251 2670 1295 2724 diu
1311 2670 1484 2726 desideratus
1496 2673 1543 2728 sir
1558 2676 1599 2729 ad
1614 2679 1807 2732 mmeeraadrn

176 2736 223 2807 qul
241 2736 335 2812 oculus
348 2745 422 2793 esset
440 2751 521 2802 ceco,
543 2745 572 2791 et
596 2751 644 2808 pes
663 2738 830 2807 pmbabatur
848 2737 966 2794 existere
1016 2740 1127 2796 daretur
1152 2738 1318 2794 clamitantis
1330 2739 1433 2795 obsessi
1451 2751 1532 2807 sunt,
1561 2751 1598 2797 ut
1621 2744 1713 2800 nudus
1732 2762 1807 2802 eom

175 2807 282 2869 claudo,
308 2816 338 2862 et
361 2805 521 2875 ut'seriptis
545 2805 673 2861 virtutem
697 2803 756 2875 ejus
781 2805 966 2876 multiplicitas
1015 2807 1150 2879 loquentis
1174 2823 1265 2864 seeum
1289 2808 1400 2880 college
1424 2810 1470 2863 sui
1488 2811 1584 2867 verba
1609 2824 1704 2883 presset
1721 2816 1807 2871 aurire

176 2874 320 2939 referatur,
335 2882 413 2947 pater
427 2881 643 2946 erstpauperum
655 2881 682 2930 et
695 2874 785 2931 cordis
797 2875 885 2930 vidue
898 2889 964 2931 eon·
1016 2876 1081 2933 Erat
1102 2877 1174 2933 euim
1198 2893 1312 2934 comere
1338 2877 1461 2949 singulos
1489 2881 1574 2936 eirca
1606 2886 1807 2942 massennes.

176 2945 287 3001 solator.
313 2943 419 3001 (istimn
441 2943 500 3017 ejus
523 2943 672 2999 viatoribus
689 2945 811 3027 patebat,
836 2952 967 3001 necerat
1015 2946 1171 3015 pontillcetu
1185 2955 1287 3002 tantam
1313 2945 1470 3004 dilectionis
1490 2948 1655 3008 efficaciam
1680 2955 1807 3025 possidere,

175 3013 267 3071 clausa
286 3013 368 3083 janua
390 3013 486 3070 domus
504 3013 589 3096 ipsius
606 3013 747 3089 quidpiam¹
767 3013 965 3085 postulantibus
1016 3025 1145 3084 quantam
1162 3031 1212 3089 pcc
1232 3016 1351 3081 vidisse,
1374 3031 1424 3072 nee
1451 3016 1591 3075 risurum
1616 3038 1736 3092 unquam
1760 3027 1810 3094 qtis

176 3083 268 3148 abeo,
284 3082 688 3155 ut'abomniclertculigradu,
705 3084 740 3138 ab
758 3082 832 3139 omni
855 3091 963 3139 senato-
1016 3085 1189 3142 aestimasset.
1212 3084 1332 3155 lienique
1353 3101 1450 3140 omnes
1469 3087 1550 3145 bunc
1578 3095 1713 3149 eertadrn
1733 3110 1809 3149 esra·

177 3152 228 3218 rio,
241 3162 269 3208 et
280 3152 404 3223 populari
416 3151 629 3223 concordissimo
639 3159 722 3218 coetu,
736 3153 807 3208 sieut
819 3159 880 3222 post
892 3135 1001 3206 mor-C
1016 3154 1117 3210 eisdem
1132 3153 1227 3225 legatis
1244 3170 1339 3226 mpero
1351 3195 1360 3219 ,
1382 3166 1410 3211 et
1423 3153 1460 3210 ad
1476 3171 1632 3216 summum
1655 3163 1809 3233 pontiintas

175 3228 231 3276 tem
254 3237 328 3306 papae
342 3220 440 3289 Leonis
457 3222 501 3288 tv,
523 3221 561 3275 ita
575 3226 637 3293 post
649 3221 751 3276 obitum
771 3220 910 3277 Benedicti
931 3219 965 3276 lli
1015 3223 1119 3292 apicem
1138 3224 1339 3294 provehendum
1360 3225 1484 3290 trabere,
1498 3242 1533 3282 ac
1550 3231 1646 3287 anxie
1673 3233 1809 3288 nitebantur

175 3291 312 3361 pontidets
331 3290 423 3372 subire
444 3304 577 3371 summum
592 3289 771 3371 pontidcium,
784 3291 835 3345 nisi
852 3290 909 3360 ipse
922 3289 965 3345 di·
1015 3300 1134 3364 portare,
1148 3293 1199 3348 nisi
1220 3292 1358 3348 blanditiis
1379 3303 1570 3364 senatorum,
1592 3308 1626 3354 et
1647 3303 1808 3358 masitdsdi-

174 3361 287 3416 sersisa
321 3367 439 3414 umentis
453 3368 481 3416 et
495 3360 636 3429 exquisitis
658 3360 877 3415 excusationibus
890 3374 966 3414 rere·
1015 3361 1174 3431 quantulum
1189 3362 1275 3418 sedati
1296 3361 1420 3419 luissent.
1447 3365 1584 3431 Quontm
1612 3372 1735 3426 ominium
1756 3388 1808 3426 aaa·

174 3429 264 3484 eunde
274 3444 306 3485 su
326 3428 491 3498 terlugissct,
506 3436 657 3499 cogeretur.
671 3428 724 3483 Sed
737 3444 798 3503 eum
811 3428 965 3500 apostoliea
1015 3430 1149 3486 nimitatls
1161 3431 1324 3488 desiderium
1340 3431 1452 3488 audiens
1469 3435 1808 3498 Ludosieustristianis

176 3498 315 3553 memoria
336 3497 522 3552 sanctissimus
543 3512 611 3568 papa
634 3496 759 3554 Nicotaus
775 3499 856 3553 rebus
868 3512 965 3553 esces-
1015 3499 1101 3556 simus
1122 3501 1278 3570 imperator,
1295 3516 1462 3583 cognoscens
1489 3504 1582 3561 etiarn
1609 3511 1765 3579 >quatieris
1782 3526 1809 3566 ea

177 3565 259 3622 sisset
269 3564 405 3645 humanis,
418 3574 446 3619 et
462 3566 513 3618 iste
528 3566 768 3645 impraesentiarum
790 3567 871 3621 tertio
885 3568 964 3635 quin·
1016 3568 1155 3625 decretum
1170 3574 1226 3625 suis
1240 3570 1486 3640 subscriptionibus
1512 3575 1734 3646 roboraremus,
1747 3581 1807 3634 ralis

174 3643 233 3691 tuat
252 3643 282 3689 ct
304 3635 462 3705 vigesimum
487 3647 587 3688 annum
611 3642 750 3697 transiret,
773 3647 867 3688 omnes
891 3635 966 3688 urbis
1015 3637 1187 3705 gauisusese
1208 3638 1241 3692 Et
1263 3648 1292 3692 ut
1307 3647 1399 3694 tantus
1415 3640 1528 3697 Domini
1549 3644 1683 3705 seruulus
1713 3651 1806 3705 eureis

175 3702 304 3761 Numanae
317 3701 533 3765 concitessimul
546 3709 574 3756 et
589 3701 616 3756 bi
631 3716 699 3771 quos
718 3702 887 3757 extrinsecus
902 3712 966 3758 tunc
1015 3720 1068 3774 quc
1083 3707 1208 3777 gentibus
1221 3706 1347 3762 videlicet
1360 3717 1413 3761 tam
1433 3708 1597 3778 Romanis,
1616 3692 1806 3787 quamdjrerds

175 3774 272 3830 adesse
284 3773 444 3844 contigerat,
463 3780 518 3826 tam
535 3785 667 3842 pauperes
687 3785 767 3841 quam
783 3771 890 3836 divites,
911 3781 965 3826 tam
1016 3775 1128 3829 advenis
1138 3776 1308 3832 desideratus
1321 3786 1347 3831 et
1361 3777 1558 3837 desiderabilis
1572 3785 1741 3846 Christiana
1752 3789 1805 3859 piei

60 3863 74 3889 ι
175 3842 309 3900 clericalis
322 3844 388 3899 ordo
408 3856 490 3912 quant
504 3850 629 3896 cunctum
642 3840 734 3912 populi
748 3840 855 3912 rulgus,
877 3841 965 3896 omnis
1015 3840 1520 3964 preficereturmcdnllitusexoptavit
1540 3870 1549 3905 t
1569 3865 1603 3909 et
1620 3859 1804 3930 moxiupeds

174 3915 278 3970 seilicet
301 3912 399 3977 aetatis,
425 3910 602 3983 protessionis
622 3921 651 3964 ct
678 3926 780 3974 sexus,
804 3910 966 3981 contemptis
1026 3926 1069 3967 em
1085 3913 1377 3984 scribenscpistolam,
1391 3924 1510 3974 eritretos
1528 3921 1680 3982 Romanos
1702 3928 1804 4000 quodd-

174 3984 301 4038 omnibus
315 3981 373 4051 ejus
391 3981 608 4037 excusationibus
629 3979 778 4035 Adrianum
800 3979 963 4046 desiderant,
1016 3994 1098 4052 gnum
1113 3991 1187 4038 tanto
1203 3983 1244 4038 ele
1265 3986 1347 4039 issent
1360 3983 1449 4041 obicio
1461 3991 1624 4057 praesulem
1642 3997 1789 4052 rotundam

174 4053 323 4106 Adrianum
337 4050 394 4106 dari
410 4050 460 4104 sibi
496 4050 617 4105 casulem
631 4064 662 4104 ac
676 4059 812 4131 pastorem
825 4057 964 4122 exoptant.
1053 4068 1161 4122 rquam
1181 4000 1307 4108 videficet
1327 4053 1452 4117 innotuit,
1470 4057 1541 4113 nulli
1559 4065 1711 4136 quidpiam
1723 4037 1803 4138 presi

174 4118 322 4191 Nullusque
336 4121 362 4174 in
380 4121 462 4175 totius
473 4064 554 4174 firbis
568 4119 732 4189 amplissimo
746 4119 832 4189 spatio
843 4126 966 4188 repertus
1028 4136 1075 4175 ore
1088 4137 1120 4176 es
1133 4123 1336 4179 consecratione
1350 4123 1435 4191 ipsius
1455 4140 1576 4199 quoquo
1594 4136 1683 4191 modo
1700 4137 1803 4207 poqqm.

174 4195 226 4255 est,
242 4189 293 4244 nisi
310 4189 407 4253 celse,
425 4187 468 4242 sel
487 4203 564 4243 suum
584 4201 717 4257 quemque
739 4189 848 4257 provebi
864 4188 965 4244 voluis·
1017 4191 1091 4256 dum,
1113 4206 1174 4247 eum
1189 4194 1246 4262 ipse
1259 4192 1329 4249 bane
1343 4208 1395 4247 nnn
1419 4208 1537 4255 suorum
1564 4207 1802 4274 suggestionem&

175 4267 226 4323 set,
242 4259 287 4329 qui
312 4273 365 4314 non
386 4257 531 4312 Adriannm
551 4257 703 4327 promoueri
721 4256 755 4311 ad
783 4258 836 4313 boc
859 4257 965 4314 eulmen
1016 4257 1200 4317 Romanorum
1211 4262 1300 4335 potins
1315 4263 1495 4319 unanimitate
1509 4282 1680 4331 commotus
1694 4276 1803 4331 aramis

175 4330 329 4386 medullitus
348 4336 497 4399 exoptaret.
516 4327 646 4382 Proceres
659 4341 736 4391 tero,
751 4325 814 4383 licet
831 4327 918 4383 soluto
938 4328 965 4388 in
1016 4328 1086 4387 time
1106 4341 1215 4402 cuperet
1238 4334 1390 4403 provenire.
1414 4332 1540 4392 Maxime
1566 4355 1639 4399 cum
1664 4346 1737 4401 reddi
1757 4357 1803 4414 qus

174 4400 243 4455 duas
256 4407 346 4470 partes
359 4411 473 4468 corpore
495 4397 650 4452 siderentur
670 4411 730 4452 esse
743 4396 831 4462 dirisi,
848 4413 901 4452 una
922 4407 965 4452 ta·
1017 4398 1105 4454 ablata
1121 4400 1243 4469 lucratu,
1260 4418 1312 4458 non
1327 4402 1425 4457 auferri
1437 4404 1472 4458 ab
1485 4404 1620 4465 Ecclesia
1636 4414 1753 4469 Romana
1772 4413 1802 4466 rel

174 4484 235 4524 men
253 4476 351 4533 mente,
367 4468 481 4537 parique
502 4467 574 4521 circa
598 4465 671 4522 bunc
692 4465 840 4535 flagrabant
857 4467 963 4534 ardore,
978 4475 1004 4534 1)
1017 4467 1140 4538 deperire
1152 4471 1288 4542 quidpiam
1301 4486 1329 4527 se
1339 4473 1440 4528 diceret
1450 4488 1560 4531 amare.
1573 4479 1680 4553 ltaque
1693 4456 1801 4544 Sablr'atq

174 4540 302 4607 quoniam
315 4551 425 4593 eausam
437 4534 576 4592 divisionis
592 4550 685 4590 eorum
703 4536 809 4591 nonnisi
824 4537 922 4591 nirnius
938 4538 964 4590 in
1053 4540 1135 4593 raetis
1156 4542 1207 4594 rite
1230 4541 1408 4604 orationibus,
1432 4542 1550 4612 vigiliis,
1571 4558 1604 4603 et
1628 4553 1801 4624 eleemosynis.

175 4617 279 4662 tantum
298 4606 386 4662 tirum
409 4604 526 4660 iaciebat
546 4605 686 4660 eharitatis
699 4605 821 4669 affectus,
842 4605 906 4659 dum
926 4605 966 4661 sie
1060 4608 1158 4663 minieo
1170 4611 1317 4664 secundum
1334 4626 1435 4665 morem
1453 4612 1529 4667 idern
1543 4624 1718 4678 venerabilis
1732 4636 1802 4678 saeer-

175 4677 305 4732 alterutra
323 4692 387 4748 pars
409 4676 460 4731 slbi
481 4673 601 4744 preferri
619 4676 785 4744 gestissent
803 4676 824 4729 si
843 4675 915 4729 bunc
927 4675 966 4728 al·
1017 4674 1067 4731 dos
1087 4678 1121 4732 ab
1135 4678 1311 4733 universitate
1332 4679 1364 4733 ad
1380 4679 1525 4736 ecclesiam
1542 4690 1641 4743 sancti
1658 4691 1732 4748 Petri
1753 4706 1801 4761 apo

175 4752 234 4800 tera
258 4761 323 4815 pars
344 4745 397 4801 deii
416 4754 483 4808 eret,
505 4757 569 4815 pars
591 4743 675 4799 altera
697 4744 804 4815 penitus
818 4745 963 4810 dubitaret,
1016 4747 1147 4802 stolorum
1171 4749 1301 4819 principis
1327 4749 1457 4804 deductus
1480 4767 1532 4806 ιιι
1560 4755 1752 4816 Kalendarum
1769 4760 1802 4816 ts

175 4822 297 4868 necerat
317 4815 353 4868 ibi
368 4762 443 4886 [rifle]
464 4814 534 4882 parti
554 4811 631 4868 alteri
649 4813 779 4869 tetinendi
794 4812 883 4886 [sorte
897 4817 964 4868 reti·
1016 4817 1173 4872 nuariarum
1201 4819 1294 4872 indict.
1319 4819 1428 4899 prima,
1461 4834 1540 4874 anno
1567 4829 1684 4896 preclatl
1709 4829 1802 4899 dumeti

175 4879 264 4954 cendi]
285 4882 418 4948 voluntas,
440 4883 490 4937 nisi
514 4882 576 4953 qnia
599 4884 760 4953 opinabatur
780 4898 841 4938 cum
865 4899 912 4939 sua
937 4885 963 4939 in
1016 4883 1121 4940 decimo
1136 4902 1423 4958 nono,pereptscopos
1436 4896 1706 4964 reverendissimos,
1719 4902 1803 4954 seilicet

175 4952 257 5006 alium
282 4959 345 5004 tota
370 4953 494 5019 dirigere,
513 4954 663 5020 prasertim
685 4966 746 5008 cum
771 4951 845 5007 multi
871 4969 964 5008 mona·
1016 4951 1125 5009 Petram
1148 4955 1309 5021 Garensem,
1326 4958 1440 5012 Leonem
1466 4958 1552 5016 Silrae
1569 4969 1710 5034 eandm,
1726 4970 1803 5023 005„oe

175 5021 299 5081 eborum,
316 5018 437 5088 plerique
459 5020 643 5097 religiosorum
665 5019 834 5075 sacerdotum
854 5036 885 5075 ae
900 5023 964 5076 lldo-
1018 5026 1098 5078 tertio
1112 5025 1171 5081 loco
1185 5028 1318 5081 Donatum
1332 5026 1494 5090 Ostiensem,
1534 5033 1580 5086 uin
1597 5038 1746 5108 episcopus
1764 5037 1802 5091 dl·

175 5090 240 5145 lium
269 5088 398 5143 laicorum
423 5084 527 5167 emittes
553 5088 851 5154 emissisvisionibus,
880 5091 964 5146 multo
1016 5091 1494 5161 battettsisobierot,Forntosusrero
1511 5046 1803 5161 gormertsissbestis

170 5159 362 5230 jatutempore
381 5154 658 5212 Adrianumluturum
672 5155 902 5226 pontideem,non
920 5175 965 5214 so·
1017 5161 1085 5217 simo
1105 5163 1215 5220 Nicolao
1239 5167 1273 5221 ad
1301 5167 1520 5236 praedicationem
1548 5179 1578 5225 et
1607 5175 1801 5232 instructiones

175 5232 231 5285 ium
252 5245 305 5286 uon
329 5228 493 5292 dubitarent,
515 5226 710 5280 verumetiam
732 5227 834 5297 apertis
853 5227 963 5285 uocibus
1017 5229 1192 5302 bulgarorum
1219 5236 1367 5291 destinatus
1393 5236 1561 5304 exstiterat,
1596 5243 1801 5301 benedieenem

174 5301 384 5370 proclamarent.
404 5297 476 5353 inter
487 5311 554 5367 quos
567 5295 676 5365 quidam
695 5295 842 5352 Adrianum
858 5298 884 5353 in
900 5299 963 5353 sede
1016 5303 1113 5357 scutati
1127 5303 1297 5373 pontillcatus
1315 5305 1348 5359 ad
1367 5305 1583 5364 consolationem
1604 5314 1733 5370 videlicet
1744 5312 1801 5369 mal·

176 5368 322 5445 apostolica
348 5369 428 5440 pallio
450 5367 569 5422 laniareris
584 5367 699 5421 obducto
714 5366 872 5422 reclinatum
892 5367 966 5423 vide·
1016 5377 1104 5424 torum
1115 5382 1215 5428 sanetae
1229 5372 1276 5427 Del
1291 5374 1416 5429 Ecclesiae
1427 5373 1559 5441 ssliorum,
1573 5382 1623 5449 qnl
1639 5383 1801 5440 factiosarum

175 5439 259 5503 bant;
274 5439 320 5492 alii
338 5453 398 5492 etttn
414 5452 474 5492 cnm
486 5435 640 5508 apostolicis
662 5435 755 5492 insulis
774 5436 869 5494 missas
892 5436 964 5493 cele·
1017 5441 1158 5508 tyrannide
1173 5442 1285 5498 liberius
1298 5443 1376 5498 solito
1389 5444 1517 5499 seviente
1529 5446 1605 5503 inter
1622 5454 1706 5508 unius
1720 5456 1801 5508 detes·

175 5509 309 5563 brautem.
323 5507 447 5562 Nonnulli
466 5521 542 5561 inore
562 5506 708 5573 apostolico
731 5506 757 5562 in
779 5505 893 5562 basilica
913 5505 965 5560 La·
1015 5509 1120 5564 sionem
1134 5519 1161 5565 et
1176 5511 1287 5568 alterius
1306 5513 1525 5568 substitutionem
1541 5522 1686 5586 pontilicis
1701 5521 1800 5577 dirersis

174 5577 310 5655 temnmsi
328 5591 424 5631 aureos
444 5589 566 5646 erogare.
588 5573 712 5657 Plerique
736 5577 763 5631 in
785 5591 865 5646 equo,
887 5576 964 5646 cujus
1015 5579 1163 5660 agebantur
1173 5581 1289 5647 exsiliis,
1304 5582 1437 5652 uariisque
1449 5580 1646 5644 afficiebantur
1668 5594 1799 5648 iueoutmt·

173 5658 294 5699 sessione
308 5646 493 5700 sanctissimus
504 5659 571 5715 papa
586 5644 711 5700 Nicolaus
724 5646 757 5699 ad
776 5656 897 5701 sanctum
914 5646 964 5702 lle·
1015 5648 1068 5714 dts,
1083 5651 1219 5720 suscipere
1240 5651 1340 5706 meruit
1354 5650 1381 5705 in
1401 5653 1512 5708 nomine
1527 5653 1651 5715 Doutini.

174 5723 246 5768 trutu
258 5728 371 5785 pergens
384 5729 448 5770 tuus
459 5714 555 5781 iuerat,
568 5729 629 5769 eum
648 5730 709 5771 cum
725 5716 870 5785 pontillcali
882 5716 963 5788 pallio
1050 5717 1187 5786 Siquidem
1203 5721 1236 5776 ad
1248 5719 1432 5777 celebritatem
1447 5724 1541 5778 missae
1552 5726 1641 5795 ipsius
1655 5740 1711 5786 tam
1725 5730 1796 5785 tacu·
