3984 6534
185 377 236 434 599
870 385 1010 444 toanms
1031 389 1130 445 scoti
1756 386 1811 443 iiiii

186 487 341 543 Benedictus
355 491 424 546 Deua
438 504 462 546 et
477 491 557 548 Peter
568 491 672 549 Domini
687 498 768 550 nostri
781 497 845 552 leau
858 496 965 563 Curiati,
981 503 1005 561 Α
1022 519 1031 551 ι
1050 501 1097 555 Est
1109 500 1216 570 qnidam
1227 500 1341 570 populus
1350 509 1524 571 praeparatus
1536 499 1570 555 ad
1578 499 1646 554 iram
1658 497 1720 566 Dei,
1731 499 1807 553 dam·

186 578 231 647 qui
247 579 376 634 benedicit
391 597 438 636 noa
457 584 485 637 in
505 586 575 639 amni
593 586 769 642 benedictione
791 589 920 659 spirituali
940 592 970 644 in
1019 595 1124 648 naudus
1135 608 1195 649 evum
1207 594 1312 648 diabolo
1323 597 1333 626 ¹
1345 611 1367 658 ις
1383 595 1448 650 itera
1461 594 1493 649 de
1503 592 1631 648 iudaeisi
1644 610 1651 647 :
1663 592 1729 647 visti
1741 591 1810 645 indi-

187 667 340 723 eeelenlilrau
353 669 569 728 incleinentem
585 676 650 730 sieut
663 677 737 747 clepit
748 696 795 733 nor
806 680 833 734 in
844 683 898 749 ipso
910 691 971 735 unte
1020 689 1134 750 gnavites
1147 684 1244 737 mortui
1257 691 1284 738 et
1294 686 1372 738 morti
1387 681 1765 752 sempiternaepraedestinati
1781 701 1804 735 r.

188 759 397 847 constitutionem
410 764 511 828 ruendi,
539 775 567 818 ut
584 783 697 822 essemus
709 771 792 823 seneli
805 780 830 823 et
842 772 897 823 sine
911 787 970 823 me·
1020 773 1085 829 ltem
1100 791 1106 828 :
1122 793 1131 826 r
1145 774 1232 840 Quare
1251 775 1317 829 dixit
1328 774 1456 828 Dominus
1465 771 1583 834 iudaeis,
1598 785 1644 825 aee
1659 786 1714 824 nen
1729 769 1806 823 mdi-

188 845 250 900 cule
271 848 446 920 incomperta
458 853 515 921 ejus
530 853 556 907 iu
570 856 699 920 ceritate‚·
712 858 908 925 praedestinant
924 876 972 913 ner
1020 863 1062 925 lis,
1079 863 1140 932 quie
1154 878 1204 915 nen
1216 863 1276 915 estis
1287 878 1319 915 er
1330 862 1418 915 eribus
1428 861 1492 914 nteit
1508 862 1531 925 ⁸,
1552 857 1604 912 nisi
1619 857 1684 926 qnia
1701 858 1804 912 videbat

187 935 216 989 in
225 936 389 1006 adeptionem
401 939 518 1007 filiorum
530 957 577 1011 per
585 941 677 996 lenum
688 942 820 998 Clrrirtum
833 947 861 999 in
872 948 969 1015 ipsunt,
1022 965 1069 1005 eos
1103 951 1136 1004 ad
1159 952 1350 1020 sempiternom
1369 950 1506 1004 interitum
1520 947 1738 1019 praedestinatos
1749 948 1763 988 ἱ
1775 962 1800 1012 ι;

186 1027 327 1081 secuudum
342 1029 467 1098 placitum
479 1031 743 1100 uoluntatiaauee,ed
757 1035 861 1090 leudem
871 1038 971 1107 pieriae
1021 1040 1177 1105 identidem,
1191 1041 1262 1109 quod
1279 1041 1407 1096 Dominus
1421 1040 1487 1095 dicit
1499 1057 1508 1093 ε
1522 1054 1598 1093 neme
1616 1047 1704 1108 potest
1720 1054 1803 1108 rapere

176 1117 376 1186 'prutiecsuee‚
395 1121 424 1173 in
443 1136 495 1190 que
515 1123 671 1190 proripuerit
681 1140 728 1179 nea
747 1125 774 1179 in
791 1126 884 1182 dilecte
899 1125 972 1183 Filie
1021 1131 1053 1184 de
1074 1147 1153 1184 manu
1173 1131 1255 1198 patria
1273 1133 1324 1184 mei
1345 1132 1368 1195 i,
1383 1128 1551 1201 explanando
1576 1129 1750 1198 persequitur
1769 1127 1802 1182 di·

186 1221 247 1271 aue,
268 1206 296 1261 in
308 1223 362 1278 que
381 1209 505 1264 babemus
529 1211 729 1278 redemptionem
751 1231 797 1285 per
815 1218 970 1286 sanquinem
1021 1236 1086 1275 cens
1101 1238 1107 1274 :
1123 1239 1133 1272 ι
1150 1220 1218 1286 Quid
1238 1213 1326 1289 petest
1338 1219 1426 1288 lupus,
1439 1218 1503 1287 quid
1521 1215 1667 1286 petestlur
1682 1225 1711 1270 et
1723 1215 1803 1270 latmi

170 1379 172 1385 J
185 1296 255 1364 eju't,
268 1298 445 1386 remissionem
455 1311 618 1370 peecatorem
637 1305 779 1359 seeundum
794 1307 899 1361 diuitiae
911 1325 972 1378 pra-
1022 1309 1079 1365 Non
1089 1311 1211 1379 perdunt,
1225 1309 1277 1363 nisi
1293 1310 1325 1362 ad
1337 1308 1473 1362 interitum
1485 1303 1723 1377 praedestinatori
1743 1323 1764 1358 ι.
1775 1303 1802 1358 in

185 1390 238 1444 tiae
250 1391 614 1465 eiua,qnaerupereluurlaeit
626 1400 740 1456 inneuiu
751 1402 823 1457 omni
833 1401 970 1471 rapientia,
1021 1401 1099 1465 libro,
1113 1414 1192 1469 quem
1207 1406 1285 1454 vocat
1299 1398 1469 1454 Enclriridioa
1487 1398 1499 1430 ⁸
1513 1414 1520 1451 ι
1537 1416 1546 1449 ι
1563 1395 1640 1452 Haec
1654 1403 1716 1451 sunt
1728 1414 1749 1462 r,
1763 1397 1800 1450 in-

186 1490 210 1534 et
219 1483 358 1551 prudentie
363 1498 374 1550 ,⁶
384 1487 525 1543 ostendent
539 1491 612 1545 nebia
628 1478 818 1548 recrementum
831 1493 971 1548 uoluntatis
1022 1490 1090 1559 quit,
1103 1508 1112 1541 r
1126 1505 1221 1559 mepne
1232 1504 1310 1556 opere
1321 1488 1426 1542 Domini
1434 1487 1563 1557 exquirite
1575 1488 1604 1540 in
1619 1487 1800 1540 οιιιιιιιιιΙιιι-

186 1587 260 1637 suee,
273 1573 415 1628 seeundum
428 1576 522 1631 ionum
536 1578 662 1648 placitum
675 1580 744 1650 ejus,
757 1582 827 1651 qnod
839 1581 971 1650 proposuit
1022 1589 1088 1634 teter
1103 1579 1161 1649 ejula
1176 1579 1201 1643 k,
1215 1584 1307 1632 ettam
1322 1577 1456 1646 sapienter
1466 1575 1612 1644 exquisita,
1628 1572 1753 1639 nt,'cuut
1763 1588 1803 1628 aa·

185 1663 213 1743 in
224 1678 264 1728 ee,
276 1663 310 1716 ud
328 1664 524 1734 dispositionem
541 1667 710 1738 plenitudinis
725 1680 878 1741 temporum,
890 1679 918 1724 ul
929 1686 971 1724 re·
1022 1671 1107 1740 gellen
1131 1677 1158 1723 et
1171 1669 1288 1724 bumana
1314 1677 1436 1723 ereatura
1459 1672 1610 1736 peccasset,
1635 1664 1665 1720 id
1679 1673 1737 1731 est,
1756 1678 1803 1718 aun

185 1755 581 1823 ateurenturoumieinClariae,
590 1775 658 1827 quae
667 1768 727 1813 runt
736 1759 860 1824 incedis,
870 1769 894 1813 et
904 1775 971 1828 quae
1024 1763 1095 1833 quod
1118 1761 1173 1829 ille,
1187 1762 1234 1817 sed
1247 1761 1318 1830 quod
1331 1759 1416 1815 noluit
1439 1758 1508 1828 ipsa,
1522 1736 1745 1821 fecisseset’iam
1761 1769 1804 1825 prr

185 1857 265 1910 nuper
278 1851 386 1909 terrant,
408 1845 435 1898 in
458 1847 523 1914 ipse,
547 1848 574 1900 iu
588 1864 638 1917 quo
654 1858 679 1902 et
689 1859 758 1903 rorte
772 1852 856 1904 uocati
868 1867 968 1915 numus,
985 1854 1007 1914 B
1021 1842 1133 1909 eandem
1151 1861 1292 1907 creaturae
1302 1850 1477 1914 voluntatem,
1491 1860 1545 1917 qua
1558 1845 1662 1900 lactum
1676 1853 1730 1909 eet,
1741 1843 1805 1914 quod

185 1931 372 2000 praedestinati
397 1936 539 1990 secundum
563 1941 724 2008 propesitum
742 1939 790 1995 Dei
810 1940 843 1995 alr
859 1958 908 2006 ee,
925 1943 970 2012 eui
1020 1944 1131 2000 Creator
1140 1941 1235 2005 noluit,
1247 1939 1444 2010 impleretipse,
1457 1937 1529 2007 quod
1542 1936 1637 2000 uoluit,
1648 1935 1804 1990 uenenum

186 2023 274 2077 onmia
285 2027 556 2094 opereturaemndmn
569 2029 706 2082 renalium
718 2029 859 2085 uoluntatis
873 2043 967 2086 suaet.
1021 2043 1048 2090 et
1061 2033 1154 2098 maiis,
1166 2040 1292 2099 tanquam
1304 2044 1408 2083 summe
1422 2028 1519 2091 bonus,
1536 2025 1570 2080 ad
1592 2039 1690 2080 eorum
1703 2023 1805 2079 damae·

185 2111 285 2169 Contra
307 2115 385 2169 istam
397 2116 518 2171 veritatis
530 2126 582 2171 tam
596 2117 696 2173 claram
709 2120 799 2175 tubum
815 2121 875 2190 quis
891 2121 970 2175 bonno
1023 2126 1133 2189 tionem,
1146 2121 1294 2192 qnosjuste
1306 2117 1517 2191 praedestinavit
1534 2116 1568 2171 ed
1589 2121 1761 2187 poenarum
1776 2111 1806 2167 ad

185 2202 292 2261 sobriae
303 2205 492 2276 vigilantisque
511 2207 572 2262 fidei
587 2223 669 2263 voces
686 2210 811 2265 admittat
822 2211 971 2266 humanas?
1021 2230 1113 2272 aarum
1126 2213 1250 2276 salntem,
1264 2226 1332 2279 quos
1353 2210 1468 2278 benigne
1482 2207 1700 2278 praedestinavit
1709 2205 1742 2259 ad
1752 2217 1806 2274 gra·

185 2293 252 2360 Quis
266 2295 293 2350 ia
309 2311 339 2351 ea
354 2313 407 2351 uon
423 2299 513 2377 audiat
530 2301 801 2368 praedestinationem
817 2303 971 2358 omnimodo
1022 2304 1087 2358 tiam
1105 2301 1115 2341 ¹
1136 2322 1159 2356 r.
1223 2316 1249 2355 vn
1270 2314 1304 2355 ex
1317 2299 1411 2354 eodem
1430 2297 1499 2352 libro
1519 2311 1528 2350 r
1550 2315 1561 2349 ι
1582 2294 1720 2350 Dicuntur
1732 2293 1806 2348 etia·

185 2399 251 2439 esse
271 2395 425 2442 sanctorum
441 2428 449 2453 ,
479 2389 659 2477 anodo
684 2407 765 2462 pesse
791 2393 850 2448 fieri
876 2409 971 2465 repro·
1021 2392 1070 2462 filii
1083 2393 1225 2462 petrianae,
1237 2404 1333 2444 nonen
1346 2389 1391 2443 illa
1405 2388 1474 2453 nati,
1489 2385 1575 2441 sedin
1587 2384 1807 2454 iliampraepara·

185 2473 301 2530 blitum?
1022 2481 1053 2546 ti,
1069 2481 1138 2535 sicat
1152 2479 1198 2532 lilii
1211 2479 1285 2548 regni
1296 2484 1491 2547 praeparantur
1501 2475 1528 2528 ie
1540 2488 1657 2544 mquam
1669 2484 1726 2527 ¹²a.
1740 2472 1767 2527 in
1779 2470 1806 2524 ti·

221 2561 265 2617 tv.
281 2564 413 2630 Quondam
436 2582 500 2623 vero
521 2576 632 2625 sanetus
645 2579 722 2641 pater
742 2571 868 2628 Aurelius
883 2572 973 2644 nuptu·
1022 2570 1071 2625 bro
1083 2569 1115 2622 de
1125 2567 1290 2638 perfectione
1299 2565 1419 2633 justitiae
1436 2562 1552 2619 hominis
1566 2580 1573 2616 ι
1588 2579 1599 2613 ι
1613 2559 1642 2619 ta
1653 2573 1690 2617 eo
1707 2579 1717 2614 ι
1731 2598 1741 2626 ,
1754 2559 1805 2623 ait,

188 2652 289 2720 stinns,
297 2654 467 2726 eloquentiae
480 2657 856 2730 Cbristianaecopiosissimus
867 2672 972 2728 avvctor,
1025 2676 1035 2709 ι
1047 2672 1146 2726 genere
1156 2657 1305 2720 hominum,
1317 2653 1386 2724 qnod
1394 2652 1622 2722 praedestinatum
1634 2649 1721 2705 estad
1731 2649 1805 2704 inter·

186 2744 380 2803 solertissimus
389 2747 670 2818 veritatisinquisimn
682 2753 806 2822 propriae
815 2753 974 2807 translatae·
1023 2748 1090 2802 imm
1104 2757 1118 2785 ¹²
1135 2766 1158 2800 ι.
1181 2747 1209 2800 ln
1220 2746 1296 2801 libris
1311 2743 1468 2800 decivitate
1482 2742 1528 2796 Dei
1542 2760 1552 2796 ·.
1567 2758 1578 2792 ι
1595 2739 1667 2807 Quid
1676 2739 1751 2795 dabit
1759 2739 1806 2803 eis,

185 2850 239 2904 que
252 2834 402 2899 locutionis,
422 2838 455 2893 ad
466 2839 626 2894 exercitium
638 2855 743 2908 eorum,
757 2842 802 2912 qui
815 2858 875 2897 eum
890 2843 974 2898 lectu·
1024 2853 1092 2908 quos
1103 2835 1314 2905 praedestinavit
1324 2832 1513 2903 advitam,qui
1523 2833 1592 2888 haee
1603 2829 1805 2899 &vinciamus

184 2923 209 2977 ri
224 2933 327 2991 essent,
338 2925 519 2983 nobilissimus
530 2929 635 2995 doctor,
644 2928 805 3000 aliquotiens
820 2931 846 2985 in
863 2946 973 2986 snortvm
1023 2925 1234 2998 praedestinavit
1249 2923 1281 2976 uli
1296 2931 1409 2977 moriem
1423 2928 1436 2956 ⁰
1449 2941 1473 2974 t·

184 3011 314 3070 librorum
330 3017 339 3049 ¹
354 3017 425 3071 serie
444 3018 580 3073 irruenimr
591 3015 708 3085 dixisse,
728 3020 811 3075 Deum
829 3020 976 3090 praedesti·
1062 3015 1103 3071 Vl.
1121 3015 1168 3070 ilis
1189 3023 1216 3070 et
1235 3012 1386 3081 hurinsmodi
1409 3011 1500 3068 verbis
1520 3010 1649 3066 euthotici
1667 3010 1680 3042 ⁸
1695 3007 1808 3065 auctoris

185 3119 265 3159 nasse
280 3105 378 3176 impios
401 3108 435 3162 ad
455 3108 593 3164 interitum
618 3125 667 3165 sea
681 3125 793 3180 poenas,
807 3126 839 3166 ac
861 3127 909 3181 per
923 3113 975 3166 boe
1025 3107 1095 3162 solet
1112 3106 1247 3161 iraeretica
1266 3103 1385 3159 insanire
1398 3101 1540 3167 vecordia,
1563 3100 1703 3171 iidemque
1719 3099 1807 3167 ¹ninus

185 3190 397 3260 intelligentibus
410 3209 481 3261 euna,
494 3204 524 3250 ut
537 3196 577 3250 ait
587 3196 743 3264 apostotus,
756 3180 972 3266 saeffimsedor
986 3187 1008 3248 C
1023 3195 1188 3249 eruditorum
1200 3193 1299 3262 lupinis
1312 3191 1438 3247 dentibus
1448 3190 1561 3245 laniare.
1572 3189 1642 3256 Quis
1652 3189 1727 3246 enim
1739 3189 1806 3260 iuno·

185 3282 253 3334 eitec
265 3282 293 3335 in
304 3281 393 3346 tilam,
406 3298 457 3336 non
469 3283 680 3354 intelligentibus
689 3299 755 3339 vero
768 3285 833 3338 eder
841 3285 932 3338 mertis
944 3284 973 3338 in
1024 3284 1140 3338 rentium
1154 3283 1248 3338 leodos
1260 3281 1439 3346 locutionum,
1452 3280 1553 3350 quibus
1564 3279 1653 3335 saneti
1664 3278 1761 3334 Patres
1771 3276 1805 3331 nti

185 3379 295 3424 mertem
305 3370 330 3435 b,
341 3372 491 3439 praesentis
502 3387 600 3427 causae
608 3374 677 3429 ratio
684 3372 811 3443 postulat,
819 3372 902 3442 ipsius
909 3388 971 3427 ver·
1023 3372 1120 3437 solent,
1133 3386 1187 3426 non
1201 3369 1280 3425 laeile
1294 3369 1378 3439 possit
1392 3369 1494 3434 seduci,
1512 3366 1650 3423 audiendo
1661 3364 1804 3437 praetat-

185 3461 220 3515 ba
235 3462 311 3528 quasi
334 3461 442 3517 sibimet
468 3465 642 3533 repugnantia
665 3477 807 3533 ponamus,
825 3464 864 3518 uti
888 3462 973 3519 lector
1023 3472 1220 3519 natosaeterno
1231 3461 1303 3532 igni,
1315 3469 1489 3531 praeparatos
1499 3458 1611 3514 adirem
1619 3457 1688 3525 Dei,
1701 3455 1805 3528 praede·

186 3549 338 3622 intelligens
359 3550 465 3608 lucilius
480 3552 610 3618 intendat,
634 3569 688 3626 quo
710 3568 809 3623 genere
829 3553 973 3609 locutionis
1023 3553 1137 3608 stinatos
1149 3552 1229 3607 morti
1241 3551 1431 3619 sempiternae,
1445 3547 1662 3618 praedestinatos
1675 3547 1713 3601 ad
1731 3546 1808 3601 iuter-

187 3641 295 3707 dixerit,
306 3641 576 3711 praedestinationem
586 3644 703 3701 divinam
714 3645 821 3714 utrique
833 3644 972 3699 bominum
1022 3643 1100 3706 itum,
1116 3643 1150 3697 ad
1162 3655 1292 3710 poenam,
1306 3648 1450 3710 ceteraque
1471 3638 1498 3694 td
1511 3651 1612 3708 gertus,
1640 3635 1748 3701 ataine
1759 3632 1804 3689 ulit

186 3732 277 3800 generi
299 3732 452 3797 calavenae,
468 3732 593 3788 videlieet
612 3734 706 3790 electis
718 3749 769 3805 per
788 3735 912 3805 gratiam,
932 3749 974 3790 re·
1023 3733 1201 3788 haesitatione
1223 3731 1362 3796 concedat,
1377 3739 1424 3785 aut
1443 3729 1511 3784 duas
1535 3726 1806 3797 praedestinationes,

186 3819 311 3888 lictisqoe
344 3836 393 3890 per
413 3820 555 3892 justitiam,
583 3823 732 3892 eademque
766 3824 847 3889 dicta,
876 3824 972 3893 quibus
1024 3839 1104 3880 anem
1124 3822 1203 3894 plane
1216 3830 1383 3886 sanctorum,
1397 3820 1511 3875 alteram
1525 3817 1692 3888 impierum,
1707 3816 1804 3873 sibimet

186 3909 258 3966 male
269 3913 369 3967 utendo
378 3912 531 3969 baereticae
543 3913 645 3968 erroris
656 3915 698 3969 ani
709 3913 850 3984 perfidiam
860 3923 973 3969 cenatur
1023 3929 1073 3986 per
1099 3915 1188 3970 omnia
1206 3912 1366 3977 contrarias,
1390 3917 1437 3964 aut
1451 3923 1531 3963 urtam
1555 3907 1727 3976 madeatque
1746 3903 1804 3961 diri·

187 4008 320 4067 astruere,
344 4005 465 4072 ponenda
478 4019 538 4060 esse
554 4003 744 4072 jvrrlieavimus,
757 4014 787 4061 ut
801 4007 904 4061 eisdem
926 4022 971 4063 sa·
1022 4020 1085 4060 nam
1105 4001 1377 4073 praedestinationem
1401 4007 1565 4067 sanctosque
1583 3996 1739 4066 impiosque
1755 4006 1803 4048 an·

187 4093 272 4162 glutis,
288 4107 355 4163 quas
368 4095 395 4149 in
408 4096 489 4151 corda
503 4095 665 4166 simplicium
677 4096 970 4162 incautuseatorserat,
1022 4093 1112 4164 plecti,
1131 4105 1246 4159 eamque
1259 4088 1339 4144 simui
1362 4087 1571 4150 contrariorum,
1586 4085 1662 4154 qued
1678 4085 1751 4140 ratio
1767 4080 1804 4137 de·

114 4241 117 4245 ,
187 4181 344 4238 vnlneratus
359 4185 476 4240 recedat.
1022 4191 1113 4252 areant,
1127 4196 1187 4237 esse
1196 4195 1333 4251 capacem.
1342 4178 1391 4234 Cui
1404 4176 1536 4233 dolendae
1550 4175 1681 4231 miseriae
1699 4173 1801 4230 nuttiun

222 4281 256 4337 V.
275 4280 573 4362 buggo-Augustinus
583 4283 609 4338 in
620 4284 735 4354 quautam
751 4284 861 4340 homilia
876 4286 909 4340 ad
920 4301 971 4356 po.
1022 4272 1217 4337 sueeurrimr⁸,
1229 4264 1802 4341 quandeeadempraedestinatioseeundvtt

186 4369 278 4440 pulum
305 4385 444 4440 exponens
470 4371 535 4428 iilud
555 4372 692 4443 Evangelii
718 4391 724 4427 :
746 4371 872 4444 Princeps
892 4375 971 4444 burim
1022 4361 1135 4416 eundem
1157 4359 1336 4442 Auissiiifflffl
1357 4357 1485 4412 destitutis
1504 4352 1534 4422 ‘r
1559 4352 1674 4447 9111811118
1694 4348 1801 4409 (ieiumi

186 4459 278 4514 muudi
281 4459 339 4530 jam
342 4460 523 4530 judieeluaert
534 4470 558 4525 ⁰,
569 4480 579 4513 ι
592 4461 617 4515 id
627 4460 777 4530 estjudicio
787 4462 857 4532 ignis
869 4463 971 4516 aeterni
1023 4451 1080 4506 suis
1105 4449 1267 4504 dictionibus
1287 4446 1448 4502 defefldiissf·
1466 4442 1649 4529 ΕΒΜΕῘΨ»
1666 4441 1799 4500 hiereli&

187 4548 402 4604 irrevocabiliter
423 4550 572 4605 destinatus
594 4559 636 4605 est
658 4549 673 4589 ⁴¹
693 4569 717 4604 r.
744 4549 774 4604 iu
802 4550 970 4619 expositione
987 4521 1144 4612 opilabit,
1163 4548 1209 4594 ³¹¹¹
1233 4546 1259 4593 ῑθ
1275 4535 1431 4601 defendere»
1444 4533 1516 4604 (110(1
1530 4532 1604 4588 ”⁰¹¹⁰
1629 4531 1710 4588 ¹⁰04)
1726 4528 1798 4587 ”¹0⁸⁹

187 4652 296 4709 quoque
317 4636 456 4710 Evangelii
467 4642 612 4697 secundnm
625 4640 767 4706 ioannem,
786 4642 832 4698 ubi
849 4642 972 4697 testimo·
1025 4645 1072 4692 aut
1083 4643 1110 4690 te
1119 4634 1275 4699 emendare,
1289 4631 1360 4701 qnod
1373 4638 1458 4701 potes,
1472 4625 1612 4683 siveritati
1625 4621 1800 4682 montaneae

188 4726 265 4782 nium
279 4729 464 4798 praecursoris
475 4730 516 4785 sui
530 4730 564 4786 de
575 4729 683 4786 cbristo
697 4730 831 4801 explanat,
857 4731 946 4785 dicit·
964 4745 973 4781 a
1028 4727 1144 4783 desinas.
1156 4723 1225 4779 nudi
1239 4715 1605 4792 praedestinationisdiviuae
1620 4707 1803 4770 terminusve·

282 4864 304 4925 a,
825 4806 1224 4896 vanvnuauenouas†“

118 4923 121 4928 ⁸
224 4932 307 4992 ‘Sic-
324 4932 442 4999 eod.,tt
474 4932 599 4987 librorum
619 4948 737 4987 auorum.
774 4931 876 4987 ’coa
899 4929 1015 4985 diabulo.
1052 4928 1142 4985 ’Cod.
1162 4923 1336 4982 encheirideu.
1373 4917 1465 4976 ‘Com
1492 4915 1625 4982 meeleei5
1662 4914 1833 4981 sicerae·

70 5008 102 5063 ⁸
191 5027 272 5086 'sic
291 5028 344 5093 11..
374 5029 435 5084 eod.
458 5019 656 5084 succurramur.
693 5026 783 5083 ‘cod
799 5024 1106 5096 diffinitonsieabique.

934 5137 1060 5194 NOTAE.

224 5239 509 5311 ·epaes.1,escqq.
1029 5254 1032 5259 ·
1062 5224 1164 5303 ilcan.
1181 5221 1217 5305 11,
1228 5222 1273 5277 29.

224 5311 273 5366 111
282 5311 345 5367 Cor.
360 5308 444 5367 1116.
1061 5307 1068 5346 1
1085 5295 1226 5364 dogustvn.
1241 5291 1260 5345 Ι.
1276 5288 1297 5342 Ι.

227 5381 325 5437 ι1ιιιιι.
341 5377 410 5444 xvi,
429 5379 473 5433 ii.
1026 5399 1029 5404 -
1060 5359 1272 5443 11)ιι1.(ζ11,9.
1318 5423 1350 5441 Η
1370 5423 1377 5436 0

223 5452 237 5490 1
253 5450 394 5519 augustin.
409 5448 518 5503 bomilia
531 5447 565 5503 95
580 5464 606 5501 ιιι
619 5444 743 5517 beaupr.
759 5442 880 5500 loannis.
1063 5432 1226 5500 ldrrgustm.
1242 5424 1413 5482 Enchrrvdvon
1432 5437 1457 5478 e.
1470 5420 1531 5477 too.

227 5520 393 5589 anaginna.
406 5519 470 5573 iiie.
483 5527 561 5574 tract.
576 5517 619 5573 il.
1059 5499 1228 5579 ¹⁴¹Auqustin.
1241 5497 1305 5550 ibid.
1405 5562 1412 5575 1
1540 5556 1556 5572 .-

228 5589 237 5626 ¹
254 5589 394 5660 Augttstin.
408 5590 472 5642 ibid.
1061 5582 1074 5608 ¹¹
1089 5571 1230 5638 nugrtstvn.
1242 5562 1385 5633 deperiere.
1397 5570 1462 5631 puel.
1481 5572 1506 5612 e.
1524 5558 1568 5612 la.

228 5657 329 5712 ‘leam
344 5658 377 5722 11,
391 5658 433 5711 te.
1065 5639 1230 5708 (intransitu.
1246 5636 1277 5689 de
1291 5632 1367 5687 Ciuit.
1382 5631 1428 5684 Dei
1440 5628 1522 5693 aaut,
1535 5626 1582 5680 ii.

226 5726 240 5763 h
254 5726 395 5798 augustin.
408 5728 471 5781 ibid.
485 5736 562 5783 tract.
578 5725 621 5780 tt.
