3984 6534
172 369 205 424 lD
731 364 775 419 DE
793 363 818 419 J.
839 362 950 421 SCDTD
968 363 1229 422 consedente.
1776 362 1810 421 11

172 477 209 534 cl.
226 475 326 547 Pagius
342 475 370 532 io
388 492 398 528 r
414 475 515 532 Critiea
537 474 566 529 io
586 473 679 529 annal.
704 475 812 530 Darouii
828 495 838 528 ι
852 476 891 546 (ιι)
906 493 913 530 :
928 476 963 532 de
978 481 999 540 ,l
1013 478 1240 548 quemadmodum
1261 479 1351 550 capite
1365 481 1488 550 proximo
1504 496 1519 534 a
1539 479 1619 535 nobis
1631 486 1679 535 est
1690 477 1810 549 expliea-

173 565 250 622 librit
263 580 360 636 graeco
374 578 501 620 sermone
515 563 624 634 scriptis
642 578 751 620 omnem
763 564 855 619 animo
869 573 963 619 nostro
1013 575 1088 632 tum,
1103 577 1187 622 totum
1206 585 1236 623 se
1250 569 1283 624 iis
1294 570 1391 636 daret,
1406 579 1545 640 totamque
1557 585 1592 625 ex
1606 583 1710 625 eorum
1725 569 1810 624 sacris

173 657 330 727 scrupulum
342 656 434 712 euellit
445 655 588 712 llilduinus
604 656 697 720 abbas,
717 657 763 726 qui
776 657 834 728 ipsc
847 672 895 713 eos
904 674 962 714 ser·
1012 660 1208 733 philosophiam
1219 661 1270 716 sibi
1285 676 1364 714 suum
1376 667 1518 730 repeteret.

176 749 281 803 randos
308 757 466 817 acceperat,
491 756 573 818 atque
595 748 632 802 lta
657 749 690 802 dc
718 748 752 802 iis
776 749 886 818 scripsit
905 750 962 816 (liz
1048 751 1087 806 lie
1098 759 1303 820 temporc‚quo
1314 750 1357 804 his
1369 749 1485 820 negotiis
1496 755 1649 818 occupatos
1661 745 1732 811 luit,
1747 745 1811 802 nihil

179 853 189 886 r
210 836 389 892 Anthenticos
404 852 521 907 namque
536 837 646 892 eosdem
667 836 751 892 libros
762 853 859 908 graeca
873 838 964 907 lingua
1013 838 1092 910 plane
1104 840 1176 909 apud
1187 849 1315 894 auctores
1325 838 1449 892 halretnr.
1466 836 1611 891 Credimus
1624 843 1745 899 autem,
1761 849 1810 888 uon

175 927 345 997 conscriptos
356 965 458 983 .....
474 943 524 998 pro
536 943 647 983 munere
658 931 962 998 magnosuscrpimusr.
1015 927 1099 982 multo
1113 937 1175 998 post
1186 928 1245 998 cy'us
1255 928 1282 981 in
1293 925 1408 982 Galbam
1422 926 1576 986 adrentum,
1588 923 1678 976 etiam
1692 931 1759 977 ante
1768 937 1812 975 au·

211 1019 352 1075 Βιιιιιιιιιιιιι
371 1018 415 1074 his
437 1019 542 1075 friuolis
553 1030 617 1076 tunc
628 1037 689 1075 cum
702 1021 819 1076 rtraxime
834 1023 877 1076 ho:
888 1038 964 1076 orem
1016 1039 1079 1077 num
1096 1021 1204 1077 bucce
1223 1022 1293 1076 hanc
1319 1035 1376 1075 rem
1389 1037 1438 1075 usu
1459 1020 1575 1075 uenisse.
1588 1016 1676 1073 Certe
1702 1018 1732 1073 in
1748 1016 1812 1072 hhro

176 1108 312 1165 habehant
324 1107 404 1164 Galli.
426 1107 560 1163 l’utabant
582 1111 672 1174 enim,
695 1111 755 1180 ejus
769 1111 889 1182 Dionysii
908 1113 966 1182 ipsa
1016 1111 1694 1182 suodepraedestinatione,qoemcireiterannum
1709 1106 1812 1164 becci

175 1214 246 1264 csse,
260 1200 306 1269 qui
318 1199 422 1269 primus
436 1199 548 1254 Athenis
563 1201 706 1271 episcopus
721 1200 781 1266 luit,
796 1210 824 1257 et
835 1202 861 1256 iu
879 1201 965 1255 Gallia
1016 1202 1191 1273 conscripsit,
1205 1202 1262 1272 jam
1276 1203 1361 1256 multo
1379 1200 1456 1270 plura
1473 1201 1606 1270 longeque
1626 1199 1685 1254 alia
1704 1199 1738 1269 (1)
1753 1213 1812 1269 pro·

175 1289 294 1344 diuinam
316 1288 379 1344 lesu
393 1287 493 1344 Christi
507 1289 658 1344 doctrinam
672 1289 824 1360 diiulgasse
838 1290 967 1346 credeba·
1018 1292 1092 1354 tulit,
1108 1308 1189 1361 quam
1203 1306 1273 1362 qnae
1293 1308 1308 1344 a
1335 1290 1401 1346 solis
1424 1289 1551 1344 llibernis
1572 1288 1752 1359 philosophis
1772 1295 1814 1341 aut

177 1380 549 1453 turlc).l.udoricusigitur,
562 1381 731 1452 quandoper
745 1391 829 1436 totam
841 1383 965 1447 Galliam,
1019 1384 1149 1456 theologis
1159 1399 1221 1440 eum
1244 1383 1372 1439 didicisse
1389 1384 1494 1437 credas.
1515 1380 1576 1437 lluc
1598 1381 1723 1444 accedit,
1748 1379 1814 1451 quod

177 1472 223 1540 qui
236 1486 289 1527 non
303 1471 447 1535 rricdiocri,
462 1470 510 1525 sod
522 1471 611 1540 aliqua
627 1486 740 1541 graecae
756 1471 863 1542 liuguae
876 1474 967 1526 scien·
1018 1476 1161 1539 carolum,
1180 1473 1272 1545 procui
1288 1474 1370 1529 dubio
1386 1473 1576 1544 Areopagitam
1599 1470 1699 1542 legere
1713 1485 1815 1527 summe

178 1561 216 1615 tia
231 1560 349 1616 imbutus
372 1569 460 1627 esset,
479 1560 523 1615 rix
548 1561 747 1630 reperiebatur,
759 1562 849 1615 statim
872 1561 967 1616 horum
1019 1568 1182 1639 cupientem,
1195 1581 1277 1636 quum
1293 1564 1435 1636 Erigenam
1447 1564 1564 1633 hospitio
1577 1563 1753 1633 excepisset,
1767 1578 1814 1617 nou

176 1654 307 1711 librorum
320 1656 397 1726 quasi
414 1656 565 1712 versionem
577 1655 713 1726 quandam
729 1657 876 1712 instituisse
896 1658 970 1712 ride·
1019 1658 1064 1713 diu
1074 1657 1164 1728 graeei
1179 1656 1220 1711 sui
1233 1656 1336 1711 codicis
1347 1655 1460 1710 oblitum
1482 1652 1568 1708 luisse
1580 1662 1728 1722 putamus.
1743 1652 1817 1707 Deni-

178 1752 233 1809 tur,
247 1745 327 1816 idque
336 1759 385 1815 per
396 1745 567 1812 llildninum,
582 1747 609 1801 iu
629 1749 793 1803 nronasterio
808 1747 838 1802 S.
849 1747 968 1819 Dionysii
1021 1761 1073 1817 quc
1091 1760 1242 1816 nusquam,
1255 1752 1387 1814 qnantum
1400 1743 1517 1808 scimus,
1531 1741 1583 1796 nisi
1599 1742 1630 1796 iu
1644 1740 1765 1813 epistola
1776 1741 1816 1795 illa

179 1834 324 1901 abbatem,
342 1850 404 1890 eum
430 1836 533 1904 ipsum,
548 1836 593 1892 cui
613 1836 673 1891 illos
686 1838 834 1893 serrandus
850 1837 969 1892 tradide·
985 1815 1007 1873 B
1020 1837 1196 1899 dedicatoria,
1206 1832 1323 1890 rersiooi
1332 1834 1510 1904 Areopagitae
1525 1832 1699 1903 praemissa,
1711 1832 1817 1887 ullara·

180 1932 224 1978 rat
245 1924 296 1996 (d).
312 1923 370 1979 llac
384 1926 418 1980 de
436 1927 576 1991 rcrsiouc,
596 1935 734 1996 utcunque
758 1927 824 1992 luit,
838 1943 970 1998 nusquam
1022 1927 1095 1981 tione
1109 1925 1144 1980 ab
1158 1925 1274 1995 Erigcna
1299 1923 1480 1995 significatum
1495 1931 1556 1986 cst,
1581 1921 1698 1978 aliunde
1720 1937 1782 1978 sese
1796 1923 1819 1975 iu

180 2013 239 2070 lere
255 2024 496 2070 commemoratum
507 2025 564 2083 est;
576 2030 678 2086 qnare,
690 2017 712 2070 si
725 2014 794 2082 luit,
809 2028 884 2072 certe
900 2015 973 2072 ιιιιΙΙο
1021 2015 1136 2072 Galliam
1151 2018 1267 2073 senisse.
1284 2016 1323 2070 Eo
1336 2025 1427 2071 autern
1445 2013 1505 2070 loco
1516 2014 1652 2084 scripsit:
1669 2033 1680 2066 r
1703 2013 1783 2070 llanc
1796 2014 1821 2067 li

182 2104 210 2159 in
229 2105 318 2176 pretio
330 2105 423 2160 haberi
434 2106 521 2176 potuit
532 2105 579 2178 (e).
593 2105 687 2177 ltaque
697 2105 811 2162 Carolus
821 2107 931 2172 Calvus,
943 2114 973 2159 ut
1023 2106 1086 2161 bam
1093 2121 1172 2160 sacro
1181 2104 1348 2161 Graecorum
1356 2114 1467 2161 nectare
1483 2103 1597 2170 sartam,
1609 2104 1728 2160 Adrena
1741 2105 1821 2162 loan-

181 2206 241 2251 erat
256 2198 422 2262 litterarum,
448 2198 593 2268 praecipue
607 2214 763 2263 sacrarum,
786 2200 875 2254 studio
896 2200 975 2254 unice
1024 2211 1073 2252 nes
1086 2195 1188 2253 σπένδω
1202 2211 1262 2250 meo
1273 2194 1371 2251 carolo
1390 2196 1422 2265 (1)
1446 2215 1468 2248 ι.

181 2290 306 2354 deditus,
333 2305 418 2360 quum
448 2299 545 2345 nactus
567 2300 640 2345 esset
664 2290 806 2361 Erigonam
837 2290 975 2346 hominem
1061 2288 1161 2343 Verum
1173 2289 1304 2359 quidquid
1316 2289 1368 2345 ime
1379 2290 1449 2344 dere
1462 2288 1560 2344 statuis
1569 2287 1711 2359 (iixante
1725 2306 1823 2345 annum

182 2393 291 2452 practer
306 2381 413 2437 solitum
438 2397 552 2453 graecae
570 2383 679 2454 linguae
701 2386 837 2455 peritum,
852 2385 977 2439 eonunit·
1027 2377 1160 2434 boecurt
1187 2377 1228 2432 sel
1247 2376 1403 2433 DCCCLXV
1435 2378 1579 2449 Dionysius
1597 2379 1749 2436 absolutus
1768 2380 1823 2435 luit.

183 2472 294 2526 tendum
305 2487 358 2526 non
370 2473 489 2542 putarit,
502 2482 532 2526 ut
545 2488 560 2526 a
571 2470 680 2528 lortuna
690 2474 782 2528 dariam
793 2473 976 2538 occasionem,
1027 2471 1162 2526 Exstatea
1173 2470 1206 2526 de
1219 2467 1460 2540 rcapndDulacum
1469 2468 1515 2538 (el.
1525 2467 1634 2537 cotes,
1647 2480 1709 2525 not.
1718 2472 1755 2543 1).
1764 2472 1826 2527 brec

180 2562 282 2632 justam
295 2564 402 2618 tandem
412 2564 517 2619 illorum
526 2565 657 2621 libroruin
665 2564 914 2635 interpretationem
926 2563 977 2618 sihi
1028 2562 1130 2616 b'icolai
1146 2561 1181 2625 1.,
1195 2559 1274 2615 Ροιιι.
1290 2559 1375 2625 blau,
1385 2559 1499 2629 epistola
1516 2578 1522 2613 :
1540 2578 1551 2612 r
1568 2556 1630 2614 llic.
1645 2560 1676 2616 S.
1692 2560 1727 2616 S.
1743 2562 1773 2616 D.
1788 2562 1827 2617 Di·

184 2656 357 2725 comparandi
370 2696 377 2719 ‚
389 2655 546 2710 dimitteret.
559 2656 742 2722 Quamobrem
756 2654 908 2725 cojnbentc
921 2655 980 2709 Eri·
1029 2652 1099 2708 lecto
1114 2652 1168 2706 dho
1183 2650 1279 2706 Carulo
1294 2649 1369 2706 Glor.
1388 2649 1485 2703 Furio.
1501 2648 1522 2703 lt
1526 2687 1592 2704 ......
1606 2648 1663 2705 Sed
1677 2667 1773 2722 nuper
1783 2653 1827 2707 do

185 2761 254 2815 gena
268 2747 301 2801 ad
313 2746 399 2802 libros
409 2746 648 2817 Pseudo-Dionysii
663 2747 689 2802 in
701 2747 814 2802 latinum
825 2760 978 2803 serruoncru
1030 2742 1143 2806 luimus,
1156 2752 1185 2796 ut
1195 2741 1308 2796 relatum
1318 2740 1539 2808 estApostolatni
1550 2748 1661 2806 nostro,
1676 2744 1756 2811 quod
1764 2758 1828 2812 opus

184 2840 382 2894 convertendos
396 2838 516 2893 animum
531 2837 695 2910 adieritis).
710 2837 784 2907 Quos
798 2845 889 2892 autem
904 2834 978 2891 illius
1032 2831 1152 2902 Dionysii
1174 2830 1353 2900 Areopagitae
1372 2829 1481 2898 quidam
1497 2830 1539 2883 tir
1558 2826 1694 2894 loannes,
1720 2831 1829 2886 natione

184 2929 397 2985 auetorislihros
409 2930 491 2985 latine
502 2928 666 2993 reddiderit,
683 2930 740 3000 ipse
756 2930 873 3000 Erigone
886 2932 982 2980 narrat
1033 2921 1147 2984 Scotus,
1175 2935 1261 2989 nuper
1285 2919 1423 2974 transtulit
1441 2919 1469 2975 in
1485 2918 1629 2984 Latinum,
1652 2922 1730 2990 quod
1751 2920 1827 2990 iuxta

186 3021 214 3075 in
243 3019 356 3090 epistola
374 3018 538 3075 dedicatoria
560 3018 594 3072 ad
617 3017 744 3074 Carolum
766 3019 882 3089 scripta,
899 3031 979 3086 quam
1032 3026 1136 3067 morem
1148 3009 1286 3065 Ecclesiae
1299 3009 1377 3063 nobis
1391 3008 1498 3062 mittiet
1512 3018 1606 3064 nostro
1617 3009 1726 3078 judicio
1739 3012 1829 3067 debuit

187 3111 272 3166 latino
286 3125 335 3165 suo
347 3111 529 3180 Areopagitae
540 3109 683 3178 praemisit
694 3109 732 3180 (q)
749 3126 755 3162 :
775 3109 859 3164 libros
872 3108 905 3160 dc
921 3106 979 3160 hie·
1032 3099 1185 3171 approbari.
1208 3096 1372 3153 Praesertim
1396 3111 1479 3165 quum
1495 3097 1566 3153 idern
1586 3096 1712 3154 Joarrues
1730 3101 1830 3155 multae

187 3202 294 3257 rarchia
308 3202 418 3255 coelesti
430 3241 438 3266 ,
454 3201 488 3255 de
506 3197 661 3255 hierarchia
676 3198 879 3255 ecelesiastica.
893 3197 926 3248 de
940 3194 982 3248 di·
1032 3189 1164 3245 scientiae
1177 3202 1237 3243 esse
1248 3186 1419 3255 praedicetur
1428 3185 1509 3251 olim,
1525 3187 1572 3242 scd
1584 3202 1637 3241 nou
1653 3203 1723 3244 sane
1736 3205 1830 3261 sapere

187 3289 439 3354 rinisuoruinilms,
456 3290 489 3344 dc
502 3285 636 3352 theologia
647 3285 773 3355 ruysdea,
789 3290 927 3351 praeterea
938 3282 982 3335 de·
1033 3282 1060 3336 in
1079 3279 1238 3350 quibusdam
1254 3276 1389 3346 frequenti
1410 3291 1520 3331 rumore
1537 3276 1646 3333 dicatur
1647 3316 1718 3332 ......
1734 3280 1829 3335 Datum

188 3395 248 3438 ocur
265 3376 405 3447 epistolas.
1033 3386 1104 3426 auno
1113 3371 1209 3440 Apost.
1221 3369 1305 3424 nostri
1320 3366 1384 3422 ill.»
1401 3367 1450 3422 llic
1460 3375 1502 3422 est
1514 3383 1602 3423 annrrs
1615 3368 1773 3437 bcchx;
1787 3371 1829 3426 sed

224 3471 282 3526 lloc
293 3467 384 3523 lahore
402 3467 526 3523 absoluto
541 3464 656 3534 Erigeua
681 3462 803 3532 ejrrslcnr
818 3474 889 3530 regis
904 3456 983 3528 jussu
1033 3461 1188 3524 aliirolunt,
1198 3458 1418 3528 hancepistolam
1435 3458 1545 3513 circiter
1556 3474 1658 3514 annum
1670 3459 1829 3517 necarit

189 3565 309 3636 suscepit
324 3563 398 3618 illum
413 3563 540 3626 aiterum,
557 3559 586 3615 S.
603 3557 712 3614 lluairni
724 3556 833 3613 Scholia
852 3572 866 3609 c
886 3569 982 3625 graeca
1033 3554 1161 3624 scriptam
1177 3567 1237 3607 esse
1249 3550 1290 3621 (1).

189 3662 280 3734 lingua
295 3660 322 3714 in
334 3659 443 3714 latinam
457 3655 635 3712 transferendi
649 3652 698 3725 (1).
712 3653 794 3708 Facta
811 3650 893 3721 igitur
903 3647 985 3703 Scuto
1068 3642 1145 3712 erod
1167 3641 1295 3698 Nicolaus
1308 3641 1342 3705 1.,
1360 3640 1439 3697 Ροιιι.
1458 3640 1542 3704 llas„
1566 3641 1693 3711 queritur
1714 3642 1772 3698 sihi
1787 3657 1831 3698 eos

191 3760 285 3810 trustra
296 3749 500 3808 hacoccasione
511 3746 617 3801 illorum
630 3743 760 3799 librorum
772 3741 848 3809 copia
861 3779 869 3804 ,
881 3746 984 3807 qnosct
1034 3739 1119 3795 libros
1140 3737 1259 3792 nondum
1280 3736 1378 3790 missos
1393 3733 1491 3799 luisse,
1507 3734 1642 3788 incertum
1654 3743 1715 3800 est,
1741 3744 1831 3791 utrum

192 3845 259 3919 ipse,
269 3852 387 3913 utsupra
399 3838 611 3914 (cinationem
624 3833 848 3907 signillcariums,
864 3828 984 3900 Dionysii
1035 3831 1087 3885 hoc
1101 3839 1193 3900 postca
1207 3827 1309 3883 lactum
1324 3828 1381 3890 sit,
1402 3840 1454 3882 nec
1468 3840 1510 3879 ne.
1527 3823 1583 3880 llos
1598 3825 1712 3894 quidem
1730 3825 1786 3881 hac
1801 3825 1831 3880 dr

191 3948 219 3995 ct
235 3935 361 4000 llaximi,
377 3936 499 3990 uirorum
513 3934 683 3992 sanctorium,
700 3943 761 3984 csso
775 3925 903 3997 putabat,
918 3922 986 3977 adeo
1037 3937 1066 3976 re
1081 3920 1146 3977 nihil
1161 3920 1298 3990 cognitum
1311 3916 1443 3972 habemns
1453 3916 1512 3986 (ιιι).

193 4024 277 4097 lpsius
292 4023 429 4093 ingenium
444 4028 472 4075 et
488 4031 598 4089 propter
619 4012 786 4087 sapientiae,
802 4028 882 4083 quam
897 4010 985 4066 conti·
1071 4011 1231 4065 Anastasius
1244 4006 1467 4063 bibliothecarius
1484 4003 1672 4076 compluribus
1680 4005 1763 4061 annis
1772 4011 1831 4075 post

192 4120 305 4176 nerent,
327 4109 521 4181 praestantiam
546 4114 573 4162 ct
596 4115 707 4177 propter
731 4103 855 4166 illorum,
871 4101 917 4169 qni
940 4112 987 4152 eos
1037 4103 1074 4158 iro
1087 4102 1121 4156 de
1134 4101 1296 4170 Erigerdana
1311 4097 1491 4168 Areopagitae
1513 4096 1639 4152 versione
1650 4096 1686 4149 ad
1706 4095 1831 4151 carolum

194 4201 425 4273 composuissent,
441 4197 644 4260 artctorituteur,
660 4195 695 4251 ab
706 4195 739 4250 iis
751 4192 869 4249 illectum
880 4198 933 4255 cst,
946 4197 986 4255 ut,
1037 4195 1148 4251 Calvum
1167 4192 1275 4263 scripsit
1286 4189 1325 4262 (ιι)
1340 4204 1349 4244 r
1366 4207 1375 4240 r
1401 4189 1551 4244 llirandnm
1567 4201 1676 4258 qnoque
1686 4195 1746 4253 est,
1767 4200 1832 4258 quo-

232 4339 270 4407 (α)
296 4335 341 4393 Cl.
373 4336 447 4408 uagi.
475 4332 577 4390 Critica
599 4332 626 4387 in
646 4329 737 4386 anrial.
764 4327 863 4383 Darou.
889 4327 984 4381 adan.
1038 4324 1149 4382 lihrode
1177 4321 1293 4377 ruedest.
1304 4315 1569 4398 exposuistlhinlra
1581 4315 1649 4386 Cap.
1660 4315 1708 4383 11,
1719 4315 1774 4372 ool.
1786 4315 1830 4378 11,

197 4406 391 4470 dcccxxvii.
407 4423 433 4461 ιι.
451 4403 519 4460 xil.
1040 4404 1098 4452 not.
1114 4410 1137 4448 c.
1158 4339 1249 4462 Deque
1262 4400 1351 4445 tamen
1365 4390 1391 4442 id
1406 4391 1477 4458 quad
1486 4403 1543 4454 yanr
1557 4387 1684 4455 proximo
1698 4387 1831 4468 capiteex

244 4482 270 4551 h)
286 4478 327 4533 Cl.
345 4477 387 4532 llil
399 4476 464 4529 luini
478 4475 558 4546 epist.
575 4473 609 4528 ad
621 4470 725 4527 Ludos.
736 4469 825 4533 Pium,
839 4466 987 4546 Areopagi3
1041 4467 1100 4522 loco
1113 4463 1231 4545 quodam
1242 4459 1288 4542 (cl.
1296 4475 1377 4529 snpra
1384 4460 1490 4542 colli,
1498 4467 1554 4511 ιιιιι.
1561 4457 1588 4528 q)
1596 4457 1731 4537 prooemii
1745 4456 1833 4539 Erige·

199 4551 260 4607 llus
283 4548 359 4621 (edit.
383 4544 550 4615 Coloniensi
565 4544 697 4613 praelixa.
717 4538 855 4595 invenitur
870 4535 989 4591 llildunu
1043 4536 1116 4591 niani
1129 4532 1163 4587 ad
1176 4530 1279 4588 sehoha
1294 4531 1324 4584 S.
1339 4529 1446 4584 blasiani
1464 4538 1558 4598 patere
1581 4526 1831 4586 arrrmadtertuus,

198 4619 274 4676 locus
298 4617 368 4687 apud
392 4613 610 4670 Standenuraier.
634 4627 660 4680 p.
685 4609 735 4664 165
752 4618 779 4663 ct
793 4606 863 4678 apud
878 4605 990 4675 Pagium
1043 4605 1097 4661 ullo
1114 4599 1517 4673 pacto,estuerisi1nilc,eum,
1534 4597 1692 4667 priusquam
1704 4595 1740 4650 ad
1755 4592 1834 4651 Caro-

199 4689 251 4744 loe.
268 4689 340 4742 laud.
1043 4677 1100 4732 lum
1117 4672 1228 4729 Calvum
1246 4669 1363 4733 uerterit,
1377 4667 1556 4738 Areopagitae
1566 4666 1654 4722 libros·
1663 4664 1831 4733 cognovisse.

235 4757 271 4830 (ι)
282 4756 323 4813 et.
334 4755 407 4810 Senti
421 4769 506 4810 carm.
516 4752 550 4809 ll.
562 4751 597 4807 lll
608 4759 637 4805 ct
648 4749 705 4815 llll,
717 4749 744 4804 iu
757 4746 823 4803 edit.
838 4743 989 4802 Schlueter.
1079 4745 1117 4816 (j)
1132 4741 1175 4798 El.
1187 4741 1308 4797 Sclduet.
1325 4739 1434 4809 palithi.
1654 4805 1661 4816 .

199 4844 227 4902 p.
243 4826 370 4883 dut-duh.
1079 4817 1115 4885 (h)
1130 4812 1305 4868 Schlneterus
1331 4816 1505 4878 compertum
1521 4805 1624 4862 hahere
1635 4804 1764 4871 ridetur,
1777 4808 1834 4887 prist

237 4898 276 4965 ld)
292 4896 333 4951 (tt.
347 4893 564 4949 Staurlenmaier.
579 4906 605 4960 p.
620 4889 672 4944 1115
687 4903 744 4957 seq.
1044 4899 1144 4941 annium
1162 4880 1293 4937 1111111111
1305 4880 1412 4934 demum
1424 4874 1612 4948 Erigenaurad
1622 4872 1689 4956 illud
1699 4886 1833 4946 negotium

237 4967 273 5040 (e)
289 4966 331 5021 (ll.
349 4966 507 5020 Statulcnur.
521 4978 547 5034 p.
565 4958 693 5015 1115-151.
968 5017 971 5021 ,
1045 4953 1190 5024 impulsum
1205 4966 1275 5006 esse.
1296 4949 1441 5016 Postquam
1456 4946 1530 5002 enim
1542 4944 1616 5015 (edil.
1630 4958 1733 5026 cyrrsp.
1746 4942 1791 5011 11)
1803 4943 1833 4997 du

238 5037 324 5108 1))111.
341 5036 472 5105 Erigcuac
482 5031 567 5101 prael.
577 5031 609 5084 ad
621 5025 791 5085 cout'crsaah
801 5023 870 5077 eoS.
884 5022 995 5076 hlarimi
1045 5024 1160 5079 concilio
1180 5021 1285 5075 Valent.
1296 5017 1367 5089 quod
1380 5018 1424 5071 illo
1439 5019 1497 5087 ipso
1512 5031 1583 5071 utino
1604 5012 1642 5070 cl.
1658 5012 1732 5071 ttab.
1745 5010 1831 5071 annul.

204 5108 329 5165 Scholiac
347 5115 385 5161 et.
397 5113 542 5172 cct.,ryuac
557 5108 600 5156 cst
616 5098 685 5170 apnd
696 5097 793 5151 Thorn.
805 5092 880 5149 Gale.
893 5092 993 5147 incdit.
1045 5092 1214 5150 Bcnedlihr.
1224 5090 1269 5145 51.
1283 5107 1310 5144 ιι.
1322 5088 1366 5147 95.
1376 5087 1427 5141 Nat
1449 5085 1579 5142 Alexand.
1604 5093 1658 5140 rtet.
1672 5084 1772 5141 eccles.
1783 5095 1829 5140 tet·

204 5178 266 5234 libr.
281 5179 382 5234 dedis.
395 5173 467 5240 Nat„
484 5171 603 5243 Appcml.
616 5185 643 5240 p.
656 5167 677 5221 ll
688 5175 715 5224 et
731 5165 771 5219 ΙΙΙ.
1045 5163 1081 5219 ill
1092 5175 1120 5219 et
1132 5163 1167 5228 ll,
1179 5163 1289 5216 dissert.
1300 5156 1334 5220 1,
1351 5158 1364 5230 5
1378 5156 1423 5220 xit
1439 5156 1560 5213 habitum
1570 5164 1624 5220 est,
1640 5168 1831 5234 nonrmeurorr·

240 5250 278 5318 (q)
293 5247 372 5302 Edita
385 5252 427 5300 est
442 5244 509 5298 haer.
524 5241 637 5311 epistola
657 5248 712 5293 eta
731 5234 831 5292 tacobo
845 5232 954 5290 Usserio
965 5231 992 5285 in
1047 5237 1095 5300 rit,
1112 5237 1163 5290 huc
1176 5232 1255 5286 rurrdo
1268 5231 1355 5301 pergit
1369 5246 1376 5282 :
1392 5248 1401 5278 ι
1423 5226 1487 5307 Post
1501 5223 1670 5308 ham-eard.
1684 5223 1761 5281 cati.
1778 5223 1830 5279 En·

204 5318 284 5387 epist.
301 5315 506 5371 llilteruicarum
528 5311 629 5395 sylloge
652 5308 738 5364 Paris.
764 5304 896 5361 111115110
917 5319 943 5373 p.
959 5299 994 5355 111
1046 5320 1141 5377 genam
1153 5299 1337 5370 adll‘seudo·)
1349 5299 1504 5380 Dionysium
1521 5294 1600 5378 risio
1608 5292 1663 5377 lili
1680 5293 1830 5353 teutardum

205 5401 276 5456 seq,
288 5395 316 5441 ct
328 5386 355 5441 in
370 5381 565 5454 Areopagitica
585 5381 613 5451 (ι.
631 5394 656 5433 e.
680 5376 803 5434 eollcctio
814 5375 990 5446 plurimarum
1045 5373 1173 5431 excitarit
1183 5391 1206 5425 ι.
1219 5369 1257 5426 Ne
1267 5370 1320 5426 hoc
1329 5369 1453 5440 quidem,
1465 5364 1535 5422 unde
1546 5365 1683 5429 didicerit,
1694 5365 1752 5421 ullo
1761 5358 1828 5421 moult

205 5457 379 5526 antiquarum
392 5452 571 5523 Areopagitae
582 5450 736 5504 versionum
747 5446 767 5511 1,
782 5461 851 5513 quiue
866 5445 936 5516 typis
949 5443 992 5497 de-
1047 5445 1165 5517 reperirc
1178 5443 1323 5512 potuimus.

207 5526 261 5582 scri
283 5536 326 5580 tac
338 5523 465 5596 prodiere
476 5521 570 5577 colon.
585 5518 655 5574 1551)
668 5527 696 5574 ct
708 5517 786 5594 1571)).
804 5516 849 5570 lui.
1084 5515 1116 5587 (1)
1127 5513 1168 5567 cl.
1186 5508 1403 5568 Staudenmaier.
1418 5505 1508 5630 11).
1521 5504 1572 5561 tut
1587 5513 1645 5562 not.
1661 5504 1686 5559 l.

256 5541 283 5666 1)
299 5594 341 5651 Cl.
355 5595 464 5665 Erigon.
479 5591 533 5647 loc.
548 5605 628 5661 supra
649 5588 700 5644 eol.
714 5587 758 5649 15,
772 5595 828 5642 ιιοι.
844 5604 870 5655 q.
1086 5583 1134 5655 (ιιι)
1146 5583 1187 5637 ct.
1203 5579 1418 5636 Staudenmaicr.
1435 5592 1463 5646 p.
1496 5576 1530 5632 66
1544 5590 1601 5645 seq.

244 5597 275 5739 11)
291 5664 368 5732 Nam,
383 5673 412 5719 ut
426 5663 478 5719 alia
493 5671 641 5724 taceamus,
652 5657 813 5715 sententiam
828 5657 861 5708 dc
872 5663 994 5737 pcccati»,
1087 5654 1126 5727 (ιι)
1140 5652 1232 5711 Dsser.
1247 5665 1290 5724 ep.
1305 5649 1361 5705 hib.
1378 5646 1474 5721 sydog.
1489 5661 1516 5716 p.
1528 5645 1564 5701 th
1575 5660 1633 5716 seq.

209 5733 243 5791 de
255 5734 358 5810 pcccati
376 5749 472 5806 poeria,
491 5745 574 5803 quant
598 5728 774 5799 Areopagitae
788 5727 877 5790 dehet,
892 5741 945 5794 yam
969 5741 996 5778 ιιι
