3984 6534
174 338 224 395 est
857 328 997 386 iOleilS
1016 329 1112 386 scort
1754 318 1798 380 il!

174 449 206 500 dc
220 461 275 509 ore,
298 444 399 498 ridetur
421 444 476 496 sine
499 442 577 495 dubio
601 451 672 495 tauto
697 451 803 496 auctore
825 444 960 514 iudipnurn
974 452 998 509 Α
1011 444 1057 498 sed
1086 446 1175 509 etiam,
1188 459 1247 496 cum
1261 443 1402 496 excoluerit
1421 441 1453 506 ¹⁸,
1467 440 1619 494 custodire.
1642 437 1743 492 Bestiae
1758 453 1797 490 as·

173 543 346 604 praeceptum,
359 533 408 585 nisi
420 532 486 584 lrnnc
501 532 585 583 cibant
601 531 635 582 ad
649 528 723 582 illum
737 531 878 600 perfectum
901 533 908 562 ¹
922 549 962 585 re·
1014 544 1063 586 tem
1078 537 1144 603 apri,
1159 543 1182 586 et
1196 532 1310 586 rolntilia
1329 532 1406 594 caeli,
1418 547 1490 598 qrrae
1504 530 1648 581 ducuntur
1663 526 1698 578 acl
1715 525 1796 585 dian,

173 627 254 695 seras,
276 640 350 692 quem
374 623 444 692 ¹pre
466 637 560 691 maqno
580 622 695 690 praemio
725 621 793 675 licus
817 624 848 675 de
864 624 961 676 sanctis

173 715 308 785 pollicetur
330 714 385 765 suis
410 729 418 764 ι
446 709 512 763 Ecce
539 711 583 779 qui
606 711 719 763 serrium
742 712 822 776 milri,
848 713 960 767 mandu-

173 804 287 864 cabunt,
315 816 358 853 ros
385 809 471 851 autem
494 800 622 851 esurietis.
639 797 691 850 llic
712 809 749 852 est
763 799 773 830 ¹
789 801 857 851 enim
877 800 960 865 cibus,

173 895 201 947 iu
224 909 275 962 qno
303 893 355 944 uita
377 890 501 958 definitur
525 900 642 953 aeterna,
667 906 718 959 quo
742 891 858 961 quisquis
882 891 961 959 luerit

173 983 365 1051 defraudams,
407 992 489 1035 morte
524 983 650 1034 morietur
660 999 670 1046 ;
711 982 919 1052 quandoquidem
950 981 961 1012 ¹

172 1074 247 1142 partis
276 1074 346 1125 ciuus
374 1081 451 1142 atque
478 1072 594 1124 caelestis
617 1072 670 1140 ipse
695 1071 820 1125 Dominus
845 1081 892 1135 est,
917 1072 962 1141 qui

172 1166 250 1218 uitam
274 1164 319 1217 dat
346 1164 407 1217 lruic
432 1164 539 1216 nrtsruio.
567 1161 641 1216 Unde
668 1173 693 1216 et
722 1164 775 1232 ipse
801 1163 836 1214 ait
866 1175 876 1214 .·
901 1161 962 1215 Nisi

172 1254 393 1307 manducaveritis
412 1268 515 1305 carnem
534 1268 628 1315 tuream,
643 1264 666 1306 et
683 1253 796 1306 biberitis
809 1253 962 1320 sanquinem

172 1361 277 1408 rrreunt,
303 1360 355 1397 non
378 1342 504 1396 babebitis
531 1343 608 1396 uitam
632 1353 774 1397 aeternam.
808 1341 873 1395 Erat
901 1357 962 1411 erpo

171 1434 247 1500 panis
264 1431 412 1501 aliquis,de
431 1447 482 1501 quo
500 1441 664 1500 praeceperat
677 1431 747 1484 dens
767 1431 895 1484 edendnm
913 1447 962 1499 po·

172 1525 255 1577 ratiisi
277 1523 379 1577 incolis.
402 1526 468 1589 Quis
489 1523 554 1577 ille?
567 1525 658 1593 Accipe
679 1541 755 1594 quem
774 1524 845 1577 dicat
872 1540 882 1578 :
908 1521 962 1578 lca·

172 1628 250 1677 trent,
282 1614 389 1679 inquit,
419 1612 570 1682 orrpelornm
603 1613 768 1666 ertanclucauit
799 1613 885 1666 bomo.
916 1612 962 1666 let

171 1704 250 1754 etiam
283 1702 392 1755 'bouus
420 1702 505 1771 panis,
527 1702 550 1754 si
566 1700 649 1769 [acius
669 1701 826 1755 volumtatem
841 1701 899 1755 liei.
918 1698 962 1757 Vis

1013 625 1095 677 nostri
1115 622 1305 675 irrationabiles
1321 634 1405 674 mo'us
1418 630 1493 682 sunt,
1512 616 1634 682 eoquod
1651 616 1743 668 bestiae
1753 616 1797 667 et¹¹

1011 729 1116 782 pecora,
1126 712 1253 781 quaedam
1264 711 1381 764 diuersae
1393 711 1446 764 sint
1458 722 1609 778 corporeae
1618 706 1760 775 passiones,
1768 705 1797 758 ccl

1012 804 1221 867 turbulentiores,
1233 803 1271 856 rel
1281 805 1359 856 ctiam
1371 799 1569 871 lanquidr'orcs.
1584 792 1714 848 Volarilia
1723 806 1794 847 erun

1012 895 1077 948 caeli
1087 895 1151 964 quid
1173 894 1246 946 aliud
1260 895 1438 954 aestimamus,
1450 891 1505 943 nisi
1516 891 1616 942 inanes
1632 887 1793 955 coqrtatioses,

1011 1001 1077 1055 quae
1090 984 1234 1037 uolrrtilium
1249 999 1319 1035 rurore
1333 991 1447 1033 crestrom
1464 974 1668 1031 circumcolunt
1686 975 1792 1037 arinen,

1012 1083 1035 1125 et
1060 1075 1110 1125 lruc
1138 1082 1215 1142 ratque
1235 1070 1299 1123 illuc
1321 1070 1392 1123 eurio
1410 1078 1485 1119 urotu
1514 1081 1601 1133 saepe
1628 1064 1791 1116 transducent.

1014 1162 1154 1231 Propterea
1169 1161 1256 1215 nrcllus
1270 1160 1415 1213 inuentus¹⁷
1427 1159 1511 1210 menti
1522 1165 1640 1209 nostrae
1653 1153 1740 1208 similis
1755 1153 1794 1206 ed·

1008 1252 1091 1321 jutae,
1111 1253 1161 1304 nisi
1184 1267 1284 1313 seruus,
1306 1249 1354 1303 icoc
1368 1258 1404 1302 est
1425 1248 1562 1310 dubecas,
1576 1259 1658 1314 quern
1671 1241 1791 1296 ”cistlla

1012 1342 1061 1394 sibi
1074 1339 1158 1393 solnm
1174 1348 1233 1400 robe
1249 1349 1337 1393 noster
1356 1338 1440 1407 potuit
1461 1336 1599 1389 inuenire.
1615 1332 1671 1388 Sed
1688 1332 1788 1402 [enen-

1012 1431 1136 1498 ciarquas,
1147 1429 1167 1462 ¹¹
1178 1430 1240 1500 qrria
1266 1430 1329 1482 lraec
1347 1442 1449 1499 quoque
1464 1425 1541 1479 Deus
1565 1425 1598 1477 in
1621 1422 1670 1476 tali
1686 1421 1786 1491 peruius

1013 1520 1118 1583 locauit,
1130 1522 1177 1574 lroe
1188 1530 1237 1582 est,
1244 1521 1376 1589 passiones
1386 1519 1517 1589 corporis,
1530 1524 1559 1570 cl
1571 1515 1712 1570 uanitatem
1723 1530 1791 1583 qem-

1011 1611 1072 1663 dam
1088 1611 1269 1680 fluctuantium
1288 1609 1325 1662 ecl
1333 1608 1479 1663 ”inanium
1491 1607 1701 1677 eoqitatiomcns,
1709 1603 1790 1673 qsel¹¹
1831 1614 1834 1625 ·

1011 1701 1066 1771 ipse
1087 1703 1167 1754 nostri
1186 1699 1264 1768 luerit
1280 1702 1490 1754 anctorcrroris.
1509 1698 1667 1753 Considera
1689 1697 1745 1768 quid
1760 1696 1790 1748 du

172 1789 251 1853 seire,
270 1789 373 1857 quam¹
394 1789 475 1841 bonus
499 1789 596 1859 panis?
625 1788 684 1858 lpse
708 1787 796 1841 Filius
822 1790 1064 1849 urartdncathat.
1083 1790 1199 1856 ilabete,
1225 1791 1325 1862 inquit,
1358 1800 1512 1860 potestatem
1537 1789 1658 1858 piscium
1682 1788 1792 1842 mariset

172 1877 240 1931 bunc
251 1894 355 1946 panem,
372 1878 404 1932 de
427 1894 478 1948 qno
493 1879 554 1932 ait:
578 1877 653 1931 licus
668 1878 738 1931 cibus
755 1888 806 1941 est,
821 1887 848 1930 ut
863 1876 960 1946 sociam

171 1970 329 2023 uoluntatem
352 1953 452 2024 Patris
468 1971 528 2035 mci,
545 1971 590 2040 qui
611 1971 638 2022 in
661 1969 740 2023 caelis
761 1977 808 2022 est.
840 1967 960 2031 intende,

172 2061 280 2128 qualern
295 2061 385 2115 cibum
410 2076 531 2115 summus
553 2060 683 2130 magister
697 2061 801 2123 edocet,
816 2073 895 2128 quern
913 2072 959 2127 pn·

174 2152 257 2206 radisi
272 2152 366 2207 ineolis
377 2153 509 2207 edendnm
523 2152 651 2206 Doruinus
670 2150 818 2221 praecepit,
835 2164 887 2204 non
902 2162 960 2202 eor·

176 2242 295 2313 poculum
321 2253 349 2297 et
373 2242 591 2312 corruptibilem,
626 2242 672 2296 sed
703 2239 889 2310 spiritualem,
913 2237 962 2292 Dei

172 2333 290 2387 Verbum
305 2332 427 2386 videlieet
436 2331 548 2400 ejusque
558 2330 733 2385 voluntatem.
749 2328 823 2381 Drss.
833 2326 964 2381 Animad-

172 2435 259 2488 rerta,
277 2426 407 2495 valdeque
429 2426 556 2486 ecltniror,
574 2432 704 2492 quantum
724 2421 872 2476 intellectui
889 2418 958 2475 Gre-

175 2516 242 2585 gorii
257 2515 384 2584 Theologi
396 2514 531 2582 congruit,
545 2513 590 2581 qni
610 2519 637 2566 et
657 2511 725 2580 ipse,
740 2518 769 2563 ut
783 2508 906 2578 superius
921 2517 963 2563 est

173 2604 273 2657 dietum
294 2602 317 2665 ¹,
342 2601 428 2655 cibum
451 2603 616 2670 fructumque
639 2610 776 2670 potumque
800 2597 961 2668 spiritualem

172 2704 250 2764 atque
260 2691 459 2746 intellectualem
471 2691 589 2760 paradisi
599 2705 655 2744 esse
665 2689 844 2742 incunctanter
854 2688 960 2743 asserit.

172 2775 266 2847 l‘orro,
281 2783 303 2836 si
316 2781 391 2837 cibus
402 2780 520 2850 paradisi
531 2779 678 2849 spiritualis
687 2788 714 2833 et
725 2777 899 2848 intelligibilis
907 2786 958 2844 est,

173 2874 327 2930 successorio
343 2873 474 2943 sequitur,
490 2880 519 2925 nt
540 2880 566 2925 et
578 2871 642 2927 illud
660 2884 738 2924 orrrne
754 2868 864 2940 liqrnun,
885 2868 962 2938 eujus

1009 1881 1153 1936 volatilium
1164 1883 1240 1948 caeli,
1263 1892 1288 1936 ct
1302 1882 1417 1936 omnium
1433 1882 1587 1952 repentium
1600 1883 1710 1951 ¹¹,quae
1719 1887 1791 1949 repul

1008 1984 1205 2044 superterram.
1234 1972 1321 2038 Vides,
1339 1972 1410 2044 quod
1425 1971 1469 2027 iile
1487 1973 1537 2026 tibi
1550 1973 1678 2026 tribuerit
1694 1980 1791 2041 potestt-

1011 2073 1070 2128 tem,
1085 2074 1113 2119 nt
1126 2065 1159 2119 de
1170 2065 1288 2118 omnibus
1300 2076 1328 2118 tu
1340 2064 1364 2095 ¹³
1378 2064 1503 2133 judicare
1517 2064 1631 2129 debeas,
1646 2062 1791 2134 siaqslem

1010 2169 1104 2224 qenero
1115 2154 1213 2223 judicii
1225 2153 1368 2208 tui‘sobria
1380 2154 1535 2222 definitione
1548 2154 1703 2208 discernere
1715 2168 1792 2207 :sace

1011 2243 1046 2295 uit
1061 2242 1095 2294 acl
1108 2251 1133 2295 te
1152 2241 1240 2294 omnia
1262 2241 1343 2304 Deus,
1363 2250 1390 2293 ut
1406 2256 1488 2309 supra
1499 2241 1595 2293 omnio
1610 2255 1722 2294 mentem
1735 2249 1792 2292 ten

1011 2345 1065 2384 esse
1075 2345 1249 2400 coquosceres.
1263 2327 1318 2384 Cur
1331 2344 1398 2397 quae
1415 2328 1462 2380 tibi
1480 2328 1630 2382 dissimilia
1641 2327 1667 2359 ¹¹
1683 2324 1792 2399 reperisti,

1014 2421 1141 2474 asciscere
1151 2420 1199 2474 tibi
1211 2430 1235 2473 et
1246 2419 1368 2486 copulare
1378 2416 1505 2473 uoluisti?
1517 2417 1601 2472 lledit
1614 2419 1662 2473 tibi
1675 2428 1766 2473 cedern
1775 2416 1793 2450 ¹⁸

1011 2525 1127 2575 sensum,
1149 2526 1200 2579 quo
1216 2510 1335 2563 uniuerso
1351 2523 1531 2578 connumeres,
1548 2520 1574 2564 et
1590 2511 1625 2563 de
1639 2510 1793 2582 capitationi-

1011 2599 1059 2652 bus
1082 2599 1230 2668 judicares.
1259 2598 1406 2670 Meritoque
1427 2600 1459 2653 de
1481 2600 1529 2653 illo
1553 2601 1675 2672 seeundo
1694 2602 1795 2674 paridisi

1012 2707 1075 2760 apro
1087 2690 1234 2759 ejectrrses,
1245 2691 1308 2759 quio
1323 2706 1376 2743 uon
1391 2690 1502 2760 potuisti
1516 2708 1629 2747 seruare
1643 2696 1791 2748 mandates.

1013 2775 1117 2836 sciebat
1132 2781 1200 2833 caim
1214 2780 1296 2845 Deris,
1311 2798 1366 2835 esse
1381 2791 1405 2835 tc
1419 2780 1558 2852 praedem,
1571 2777 1674 2840 sciebat
1688 2785 1793 2856 intime

1012 2886 1063 2927 non
1083 2885 1180 2940 posse,·
1206 2870 1263 2922 icleo
1290 2870 1358 2923 dixit
1389 2870 1465 2941 quasi
1487 2871 1679 2942 [rupilioribus
1695 2891 1705 2929 .·
1721 2872 1792 2928 driu

174 2965 280 3021 fruetus
294 2965 370 3020 cibus
383 2964 427 3018 ille
437 2972 490 3028 est,
502 2961 681 3019 intellectuale
693 2970 719 3016 ct
733 2960 872 3030 spirituale
884 2959 962 3014 inlel-
1007 2960 1140 3030 judicare,
1165 2968 1193 3012 ut
1218 2975 1269 3012 uon
1279 2960 1446 3028 judicemini.
1478 2958 1554 3030 Erqo
1577 2966 1645 3033 quia
1671 2965 1750 3029 scirit,
1761 2963 1792 3016 is·

175 3057 285 3129 ligatur.
304 3055 362 3111 lion
376 3057 447 3111 euim
463 3058 496 3111 de
508 3070 637 3125 corporeo
649 3053 822 3120 sensibilique
835 3052 905 3123 liquo
921 3052 961 3106 in-

174 3161 322 3215 corporeus
337 3146 564 3215 intelligibilisque
579 3145 680 3200 lrrrctus
694 3144 767 3199 nasci
783 3141 910 3198 erulibile
920 3149 962 3196 est
975 3121 997 3182 C

175 3245 204 3290 et
218 3235 314 3288 rationi
329 3248 418 3286 rernm
430 3237 602 3288 conveniens.
623 3234 716 3298 Porro,
739 3233 763 3287 si
774 3240 801 3287 et
816 3231 920 3286 lruetus
935 3239 962 3284 et

175 3323 247 3393 liqna
261 3321 411 3391 spiritualis
424 3331 498 3384 sunt,
524 3337 612 3375 norrne
627 3337 795 3390 consequens
817 3332 870 3387 est,
890 3330 920 3375 ut
934 3329 962 3376 et

176 3411 251 3466 loeus
265 3411 319 3474 ille,
331 3410 357 3462 in
369 3424 422 3478 quo
431 3408 593 3472 subsistunt,
606 3425 659 3463 non
669 3412 830 3478 corporalis,
842 3412 889 3466 sed
901 3425 962 3480 pro·

176 3498 248 3554 lecto
261 3497 408 3567 spiritualis
426 3505 454 3550 et
476 3497 602 3551 credatur
623 3506 651 3551 et
676 3499 959 3568 cognoscaturiblna.

179 3589 354 3657 Consequens
369 3585 487 3655 quidem,
502 3593 530 3638 et
550 3586 664 3640 rationis
675 3584 793 3654 plenum,
812 3595 839 3641 et
855 3587 961 3642 recitati

180 3678 358 3733 simillimum.
383 3675 435 3731 Sed
459 3683 487 3730 ul
507 3677 558 3731 boe
576 3674 689 3746 praelati
708 3677 809 3744 patris,
827 3676 962 3732 Ambrosii

180 3770 253 3833 deo,
266 3769 425 3822 inconcusso
437 3766 589 3820 testinmuio
606 3767 755 3831 roboretur,
771 3767 835 3836 quid
851 3769 907 3837 ipse
927 3768 961 3821 de

1013 3050 1119 3119 ficorum
1135 3057 1160 3103 te
1178 3065 1234 3103 esse
1246 3049 1280 3101 ad
1297 3048 1485 3117 judicandum,
1509 3051 1598 3106 uoluit
1611 3064 1638 3109 te
1650 3054 1792 3108 obediente·

1012 3156 1067 3193 csse
1082 3140 1216 3205 mandato,
1239 3140 1296 3192 ideo
1309 3150 1474 3210 praeceptum
1488 3144 1594 3211 posuit.
1616 3144 1694 3210 Quod
1700 3145 1722 3197 si
1732 3141 1789 3196 r'lisd

1013 3246 1063 3283 non
1078 3231 1272 3299 praevaricatus
1282 3246 1359 3294 esses,
1375 3228 1521 3300 periculum
1536 3233 1639 3288 incerti
1655 3233 1737 3305 Μυῒ
1747 3233 1783 3284 ie·

1012 3322 1097 3376 cidere
1112 3321 1278 3390 nequivisses.
1297 3320 1426 3387 Quoniam
1443 3338 1502 3375 uero
1520 3323 1655 3393 judicare
1669 3323 1755 3380 sumu
1767 3332 1788 3375 et

1013 3430 1094 3468 ausus
1112 3411 1183 3478 es¹⁸,
1206 3413 1264 3466 ideo
1290 3413 1392 3466 addidit
1409 3426 1419 3465 .·
1435 3411 1503 3468 Ecce
1518 3417 1542 3447 ¹¹
1554 3416 1649 3471 Adam
1667 3417 1744 3488 [actm
1758 3423 1789 3469 est

1013 3511 1137 3573 tanquam
1162 3519 1229 3556 unns
1253 3519 1285 3556 eu
1305 3503 1388 3568 nolis,
1414 3514 1442 3556 ut
1459 3505 1528 3558 sciat
1544 3507 1648 3561 bonum
1660 3519 1685 3562 et
1699 3505 1788 3560 mulsea

1019 3591 1129 3646 Voluisti
1141 3594 1189 3646 tibi
1205 3610 1330 3664 arroqare
1341 3594 1475 3664 ¹iudicium
1489 3613 1499 3650 .·
1515 3614 1634 3667 poenam
1651 3596 1789 3670 praeijrdi·

1013 3675 1047 3726 cii
1065 3673 1178 3741 refutare
1194 3692 1244 3728 uon
1260 3676 1345 3730 debes.
1363 3675 1455 3730 Posuit
1469 3689 1601 3734 letamen
1618 3693 1709 3735 contra
1723 3694 1787 3750 perr·

1012 3763 1117 3828 disum,
1142 3781 1173 3818 ne
1196 3767 1350 3818 memorium
1373 3766 1429 3834 ejas
1447 3768 1533 3834 possis
1551 3768 1671 3824 abolere.
1692 3768 1788 3836 lienique

179 3860 238 3915 loeo
250 3859 377 3930 paradisi,
389 3858 475 3925 deque
487 3855 543 3912 lere
557 3856 690 3919 omuibus,
707 3872 776 3925 qnae
789 3858 815 3911 iu
831 3858 889 3926 ipso
901 3869 962 3910 csse
1007 3858 1075 3925 iusti
1090 3858 1116 3910 in
1132 3860 1286 3926 paradisum
1301 3876 1377 3928 saepe
1393 3859 1543 3928 rapiuntur,
1559 3861 1631 3914 sieut
1646 3860 1742 3914 Paulus
1756 3875 1788 3911 rc·

178 3951 270 4005 dirius
282 3959 372 4004 rrarrst
385 3949 507 4013 historia,
522 3948 547 4001 iu
565 3945 686 4018 praelato
700 3963 748 4001 suo
763 3947 773 3978 ¹
791 3963 874 4017 opere
895 3947 963 4001 seri-
1012 3957 1120 4017 praeest
1136 3950 1162 4002 in
1180 3949 1334 4016 paradisum
1350 3959 1374 4001 et
1388 3948 1487 4005 audiuit
1506 3949 1586 4001 rerba
1600 3949 1749 4019 inefflriilis.
1761 3945 1787 3999 lt

179 4042 273 4112 psnrit,
289 4040 415 4095 intentius
435 4043 595 4095 intuemuur.
616 4037 770 4110 Plerosque,
789 4041 883 4109 inquit,
907 4054 963 4093 oto·
1012 4049 1051 4100 tu,
1065 4041 1086 4092 si
1108 4056 1124 4091 a
1146 4042 1230 4107 primo
1256 4038 1327 4091 caelo
1344 4038 1378 4090 ari
1392 4026 1536 4091 secuudum
1552 4038 1672 4103 caelum,
1686 4049 1708 4094 et
1725 4051 1787 4091 ssc-

180 4142 230 4195 ret,
256 4131 300 4201 qui
317 4130 464 4198 diliqentins
488 4132 631 4192 intuentur,
656 4129 796 4198 quomodo,
815 4132 836 4182 si
852 4129 962 4198 primo¹
1013 4132 1099 4183 curedo
1114 4131 1148 4182 ad
1169 4131 1275 4183 tertium
1299 4130 1391 4183 merdis
1413 4140 1474 4183 tuae
1498 4131 1588 4200 uiqore
1612 4130 1732 4202 rapiaris,
1750 4130 1788 4182 itt

180 4235 302 4290 nraqrrum
314 4236 406 4272 crcttuus
419 4219 466 4272 Dei
480 4218 529 4287 [uit
543 4219 613 4271 circa
622 4218 749 4282 lromincs,
762 4229 788 4271 ut
800 4220 827 4271 in
839 4218 962 4288 paradiso
1013 4227 1050 4272 est
1064 4219 1096 4279 ¹¹,
1117 4217 1179 4288 qrcia
1192 4219 1304 4286 primum
1316 4219 1491 4288 unnsquisque
1506 4220 1587 4272 leonto
1600 4229 1641 4274 est
1653 4218 1787 4290 corporalis,

181 4311 378 4372 collocarentur,
388 4309 426 4362 rel
435 4317 523 4378 postca
533 4322 685 4377 moqnorum
696 4309 898 4386 rernnueratie¹⁰
908 4324 963 4362 esse
1012 4309 1126 4362 secundo
1143 4308 1275 4370 anirnalis,
1299 4311 1374 4363 tertio
1386 4309 1543 4377 spiritualis,
1558 4312 1599 4364 ito
1616 4312 1722 4382 rapieris
1733 4307 1787 4361 ”al

180 4401 298 4456 rideatur
310 4402 472 4463 meritorum,
487 4411 513 4451 ut
534 4400 561 4453 ia
574 4398 593 4430 ¹¹
609 4400 761 4467 paradisum
778 4400 867 4469 justus
882 4416 963 4453 ursus·
1015 4399 1119 4452 tertium
1131 4399 1242 4463 caelum,
1254 4408 1281 4452 ut
1293 4401 1379 4453 rideas
1390 4399 1517 4470 {culparem
1527 4404 1635 4471 qratine
1644 4400 1788 4473 spiritualis:

180 4492 288 4561 quisque
303 4491 430 4560 rapiatur.
452 4491 579 4543 liicrtntnr
597 4491 674 4542 etiam
698 4490 805 4554 bestiae,
828 4502 852 4544 et
868 4508 961 4561 pecora
1014 4490 1136 4542 rrrrirnalis
1149 4489 1217 4541 eninr
1232 4490 1325 4553 luento,
1345 4507 1411 4558 quae
1425 4499 1484 4542 srtnt
1498 4488 1622 4559 Spiritus
1637 4493 1695 4557 tter,
1713 4491 1787 4546 mir.

182 4579 528 4649 aqri,etuelatiliacacliin
545 4578 770 4646 parrrclisolursse.
787 4577 862 4632 Ursule
884 4579 963 4647 pleri·
1013 4579 1046 4633 lit
1068 4582 1124 4633 ideo
1144 4582 1211 4634 tercii
1237 4582 1302 4634 caeli
1321 4583 1437 4636 asccusio
1461 4582 1509 4634 tibi
1529 4596 1567 4635 est
1595 4588 1788 4649 necessarimsl

181 4685 230 4737 que
250 4669 401 4736 paradisum
420 4672 534 4721 animam
551 4669 662 4720 bominis
675 4668 696 4697 ¹¹
707 4685 761 4720 csse
776 4668 920 4732 rainerum,
935 4671 962 4722 in
1013 4670 1126 4739 rapiaris
1141 4670 1167 4721 in
1181 4671 1332 4738 paradisum
1346 4683 1356 4722 .·
1370 4671 1480 4739 rapiaris
1490 4671 1546 4737 iam
1569 4674 1629 4728 sine
1637 4672 1756 4746 periculo,
1766 4678 1789 4722 st

182 4772 234 4827 quo
256 4755 379 4809 uirtutum
395 4757 520 4825 quaedam
538 4758 653 4826 perruiau
667 4757 862 4826 pullulaverint,
880 4759 963 4810 lromi·
1014 4763 1096 4830 possis
1118 4761 1265 4828 dijrnlicarc
1290 4763 1393 4824 occursio,
1416 4764 1478 4831 quia
1499 4764 1656 4830 spiritualis
1677 4762 1788 4833 dijudictl

184 4859 240 4898 nem
256 4856 342 4896 antem
357 4854 379 4896 et
395 4845 416 4875 ¹¹
431 4846 465 4896 acl
479 4848 636 4914 operandum
654 4859 676 4899 et
697 4848 893 4901 crrstorlicndum
914 4865 963 4915 pra·
1016 4853 1112 4911 omma,
1123 4851 1243 4916 ipscrero
1254 4866 1269 4901 a
1281 4850 1568 4918 rrerniucjudicatur³¹.
1578 4853 1700 4921 lcrtnerc,
1711 4865 1788 4925 quen·

182 4933 499 5000 radisurncsscpositum,
516 4935 964 5003 lrocest,rrrerrtemltoruinis,cuius
1015 4938 1159 4990 urlruolnm
1182 4937 1341 4991 Ambrosius
1368 4954 1477 4991 sensum
1508 4938 1641 5012 origenis
1663 4944 1786 5016 appollinis

181 5023 263 5076 uirtus
279 5021 391 5074 anirnam
406 5022 507 5074 ridetur
518 5024 642 5087 ercolcre,
658 5023 703 5076 ricc
713 5024 826 5078 ¹¹solnm
837 5029 965 5092 excolere,
1016 5029 1158 5098 Epiphuuii
1182 5038 1269 5082 utitem
1286 5026 1412 5083 infirmat.
1425 5028 1552 5100 origenis
1565 5033 1701 5104 siqnidem
1720 5045 1787 5106 pers·

820 5162 947 5222 raucus
967 5131 1173 5225 usarrouasss

220 5273 292 5329 ¹Sie
318 5272 377 5337 cr;
415 5275 437 5328 Α
467 5273 533 5327 illud
561 5272 749 5345 propheticum.
803 5275 812 5304 ¹
846 5275 867 5329 Λ
901 5277 980 5346 quod.
1044 5279 1111 5330 ¹est
1145 5292 1199 5330 om.
1227 5276 1279 5330 CF.
1330 5276 1401 5331 ἘΓ
1430 5276 1554 5341 Quando.
1589 5279 1707 5353 [quidest
1729 5279 1783 5351 om]

182 5344 257 5399 ¹Sic
282 5345 380 5410 (ΖΗΛ
411 5346 459 5399 Est
480 5345 556 5399 enim.
607 5343 749 5407 ‘scach
773 5344 796 5397 Α
821 5349 889 5416 quis.
938 5346 1019 5402 ¹Sic
1045 5348 1103 5410 cb‘;
1129 5349 1261 5399 delictum
1286 5354 1333 5399 cst.
1389 5346 1499 5400 ¹Lls'in
1539 5356 1783 5423 rectatossiopere.

181 5415 257 5468 'Sic
272 5414 314 5469 CF
325 5415 408 5480 ,Asi
421 5417 563 5486 eelprinro.
615 5412 696 5468 ΜΡ
719 5426 906 5469 rcrrrnuerator.
953 5417 973 5450 ¹¹
996 5416 1207 5476 SieCF;llact.
1258 5417 1279 5446 ¹¹
1298 5416 1408 5468 leontinis
1424 5432 1478 5469 om.
1494 5366 1547 5471 cb.
1589 5417 1782 5478 resumet.

183 5484 204 5517 ¹¹
221 5484 263 5537 CF
279 5500 329 5538 non
344 5486 438 5539 solum.
489 5484 703 5538 ¹¹l1Fcaluerit.
759 5483 780 5514 ¹¹
800 5486 844 5539 Sic
858 5486 915 5550 ct';
935 5485 1022 5540 Auel.
1061 5486 1081 5516 ¹¹
1103 5485 1147 5538 Sic
1162 5485 1409 5549 CF;llinuenitur.
1446 5487 1467 5515 ¹⁸
1481 5503 1627 5554 queniam.
1642 5494 1674 5545 A.
1711 5490 1731 5522 ¹¹
1747 5488 1782 5542 se

181 5552 389 5624 CF3Aarquas.
426 5551 627 5608 ¹¹uclom.Cl'.
666 5552 940 5625 ¹¹SicCi'3bquasi.
978 5557 1000 5587 ¹¹
1013 5554 1339 5623 SieCF;breptibilium.
1377 5554 1684 5618 ¹¹SieCF;tuour.A.
1716 5557 1781 5609 ¹¹Sic

181 5619 241 5687 CF;
261 5622 340 5677 Attii
352 5625 447 5679 similia
460 5626 574 5678 minime.
625 5623 648 5653 ¹¹
668 5622 910 5684 SirtCF;Acerte.
948 5624 1264 5679 ¹¹etaususcsom.ll.
1317 5625 1339 5655 ¹⁷
1359 5624 1559 5679 terreamur.
1597 5628 1779 5684 ”naccum-

183 5685 236 5741 CF·
280 5693 301 5725 ¹¹
322 5696 376 5748 Asi
391 5695 425 5746 itu
441 5697 560 5764 rapiaris.
599 5693 621 5724 ¹¹
642 5692 688 5747 Sic
702 5691 760 5759 Cl';
776 5697 797 5747 A
821 5695 994 5763 clijrrdicutur.
