3984 6534
513 398 640 462 vcssto
657 402 891 466 nemobonus
910 406 940 466 S.
962 408 1095 470 Maxim.

185 511 316 568 rationem
343 514 496 584 scripturae
527 518 699 574 commendo.
735 516 789 575 Vos
804 523 830 583 Α
843 527 1197 596 mouessnperernineutcrn
1214 543 1268 585 non
1283 528 1387 584 babens
1405 526 1635 597 manifestaretur,

155 604 233 662 terito
255 607 363 663 virtutis
382 608 498 664 miratus
521 624 597 678 siant,
629 618 657 667 et
680 610 706 665 iu
730 610 789 681 ipsa

155 710 201 765 que
226 699 361 755 excelsam
377 700 486 757 Cbristo
504 700 656 771 placentem
670 712 789 757 uestram

158 798 212 845 tem
234 791 351 857 laudari,
368 795 455 866 uragis
466 810 532 851 vero
546 810 594 864 per
608 811 716 851 omnem
731 810 790 851 ιιιι·

158 895 188 936 os
204 889 232 935 ct
243 883 270 936 in
286 884 362 939 robis
379 885 500 956 glorifica
517 903 560 941 ttnt
572 888 728 951 Dominum,
744 887 791 958 qtti

155 973 180 1027 ul
200 974 253 1029 boc
271 975 366 1046 dignos
383 977 453 1043 lieri,
478 978 658 1048 donatamque
678 981 712 1033 ab
733 980 792 1050 ipso

155 1065 266 1134 quisuis
278 1069 365 1122 seruis
379 1079 391 1108 ι
406 1084 455 1139 per
467 1078 556 1126 vestra
570 1085 653 1140 opere
669 1072 793 1128 ueritatis

159 1157 350 1215 lcltritudinem
382 1160 548 1227 ntauilestat,
577 1179 661 1234 usqne
690 1165 724 1219 ad
749 1179 793 1220 me

155 1259 178 1304 et
200 1251 274 1306 anullo
297 1253 417 1321 dignum,
445 1263 476 1313 ct
496 1255 644 1318 indoctum,
667 1265 694 1311 et
717 1257 792 1312 euni

155 1343 224 1398 inico
245 1344 346 1400 virtrtte
368 1353 396 1402 ιι
419 1346 544 1404 scicntia.
557 1348 598 1404 Ae
611 1362 659 1419 per
672 1350 723 1405 boc
743 1349 795 1405 bu·

551 1418 718 1439 W

156 1435 334 1505 onsitlerans,
365 1440 497 1509 meipsum
520 1442 644 1512 accipere
674 1451 795 1498 uestrum

155 1543 175 1581 ιι
196 1528 347 1585 seeundum
366 1531 495 1587 virtutem
513 1532 711 1603 compuleram,
732 1533 796 1588 ulum

155 1622 304 1676 emeramus
320 1624 486 1680 aestimabor
500 1625 593 1683 multis
607 1627 691 1683 vestri
707 1627 795 1696 grstia

155 1729 284 1781 rmouem,
308 1716 355 1772 sed
382 1726 469 1774 etroe
484 1729 590 1791 gratam
603 1727 632 1776 et
652 1719 795 1777 amabilem

155 1807 192 1860 iae
215 1808 369 1863 mercedem
380 1809 506 1879 accipere
520 1812 676 1881 expectanti
690 1822 797 1867 vestras

844 617 867 674 si
893 635 946 673 non
969 620 1042 674 omui
1057 620 1113 676 iere
1126 620 1246 694 syllabae
1261 623 1402 681 decentem
1423 622 1545 680 inserens
1566 623 1639 678 uoti-

845 710 920 775 tiam,
936 711 970 766 ad
983 711 1166 779 pulcherrima
1188 722 1217 768 et
1238 713 1315 769 utilia
1335 721 1480 784 sequentes
1503 713 1637 779 ducendo,

845 801 990 857 ullomodo
1009 803 1175 873 disceptandi
1197 804 1405 876 relinqueretur.
1426 802 1484 861 Nun
1509 805 1548 861 sie
1571 805 1640 860 baec

845 896 945 950 babent
968 909 998 950 se
1026 896 1114 968 longe,
1140 897 1235 953 sedet
1261 896 1408 954 intellectui
1426 912 1580 955 sermonem
1596 912 1642 954 sa·

845 987 950 1057 nlenten
964 987 1142 1052 constitmmt,
1154 997 1182 1044 et
1192 1001 1345 1044 sermonem
1360 988 1496 1045 excelsum
1516 987 1642 1045 excelsus

846 1079 1030 1146 supereminet
1040 1078 1202 1142 intellectus,
1224 1088 1255 1134 ut
1267 1079 1391 1136 excelsus
1407 1076 1514 1136 excelso
1533 1094 1641 1136 annun·

848 1169 937 1231 detur,
952 1179 980 1226 ct
994 1171 1117 1227 ueritatis
1132 1171 1327 1243 aliquantulum
1341 1187 1376 1228 er
1386 1172 1518 1228 ambobus
1533 1171 1643 1227 interint

847 1262 950 1327 miultis,
964 1263 1107 1319 autetiam
1123 1263 1260 1330 ominibus,
1275 1262 1353 1319 'inuia
1374 1263 1532 1335 magnitudo
1551 1272 1644 1320 osten·

847 1355 936 1409 datum.
952 1354 988 1411 tlt
1005 1370 1070 1411 sero
1093 1353 1236 1412 mauiiesta
1262 1355 1341 1412 noble
1363 1354 1399 1412 sit
1423 1355 1512 1412 omnis
1536 1368 1643 1421 ιοιιιιιι,

848 1462 918 1518 quae
941 1448 1013 1504 dicta
1040 1458 1112 1516 sunt,
1133 1449 1298 1516 obscuritas,
1321 1450 1391 1520 ipsa,
1418 1458 1448 1504 ut
1475 1464 1504 1504 ιι
1531 1448 1643 1514 babent,

848 1541 920 1596 beati
945 1540 1179 1597 coitsiderubimus
1202 1542 1294 1597 rerba.
1319 1538 1415 1606 Parce,
1434 1540 1531 1610 inquit,
1552 1549 1580 1593 ut
1601 1554 1646 1595 cc·

848 1633 992 1703 operatori,
1003 1641 1028 1687 et
1041 1648 1093 1686 uon
1105 1631 1187 1686 babeo
1199 1632 1330 1703 quomodo
1340 1631 1440 1702 luqium
1451 1638 1646 1699 superventum,

848 1733 895 1778 cut
905 1724 1036 1794 quomodo
1055 1740 1108 1778 uon
1121 1741 1137 1777 a
1148 1722 1203 1779 Dec
1215 1724 1320 1789 cudunt,
1332 1730 1456 1793 qrcuntus
1470 1721 1558 1791 puerit
1573 1719 1645 1775 deri·

848 1815 978 1885 pietatibus
988 1824 1035 1869 sart
1049 1815 1224 1870 detinentibus
1234 1816 1262 1870 in
1276 1826 1384 1868 terrum.
1393 1812 1466 1868 ilaec
1477 1814 1579 1876 «licens,
1592 1826 1646 1867 uon

155 1900 289 1956 orationes
301 1899 421 1957 intentas
442 1913 573 1960 consueto
594 1903 741 1972 donabitis,
766 1912 797 1960 ut
810 1890 835 1952 Β
849 1905 883 1961 de
896 1920 926 1961 se
936 1905 994 1976 ipso
1007 1905 1130 1970 outttiuo,
1141 1906 1187 1960 sed
1197 1919 1247 1975 per
1259 1918 1289 1960 se
1303 1903 1390 1975 ipsum
1402 1904 1436 1959 dc
1447 1903 1583 1960 cuutuuuni
1600 1902 1649 1957 ltu·

155 1995 293 2062 dontinus,
317 1997 363 2066 qui
383 2006 426 2054 est
449 2007 574 2069 paratum
589 2000 743 2057 timentium
766 2016 798 2058 se

155 2101 180 2150 n,
204 2087 299 2143 vestiat
320 2087 388 2143 mibi
413 2088 548 2145 sermonis
567 2088 692 2159 adinton
711 2091 799 2163 magis

155 2176 221 2231 endo
241 2185 328 2234 toturn
343 2178 399 2249 pic,
417 2189 447 2235 ut
460 2180 578 2236 Verbum
596 2181 727 2254 largiatur
737 2198 799 2241 rer-

155 2284 194 2323 tce
215 2279 307 2325 autem
333 2286 383 2326 vos
409 2272 587 2343 postulantes,
616 2290 650 2331 ne
673 2284 798 2349 ornatam

168 2375 182 2411 a
209 2374 251 2414 tue
276 2360 433 2427 dictionem,
454 2364 500 2433 qui
520 2374 651 2422 certantes
673 2368 796 2425 auditum

159 2465 210 2503 non
229 2450 327 2516 balteo,
340 2463 369 2507 ct
389 2453 506 2510 curiosis
521 2455 629 2514 bombis
644 2458 658 2498 ¹³
677 2459 799 2514 ambitus

155 2555 217 2595 toro.
240 2541 347 2597 Talium
370 2545 443 2599 enim
457 2545 643 2603 doctrinarum
660 2549 724 2604 dum
747 2551 798 2606 sim

164 2646 256 2696 curae,
274 2648 344 2702 quae
358 2635 385 2689 in
400 2634 441 2690 eis
451 2644 504 2701 est,
517 2637 731 2708 magnitudinem
744 2655 798 2696 non

155 2740 183 2790 us,
203 2726 411 2782 dilectissimum
432 2741 496 2785 reor
513 2737 595 2799 atque
620 2730 753 2801 optabile,
774 2732 799 2790 si

155 2818 209 2873 ncti
227 2817 306 2886 liuius
316 2827 344 2874 et
362 2819 454 2891 maguti
467 2821 602 2892 magistri,
616 2823 669 2880 etsi
684 2823 797 2882 conluta

155 2923 208 2975 me,
235 2916 262 2964 et
285 2910 337 2965 hoe
360 2911 557 2982 aliquantulum
582 2915 798 2983 considerarim,

155 3015 166 3054 ι
188 3001 328 3072 multiplici
352 3017 434 3060 uersu
449 3005 646 3073 expositionem
668 3006 800 3064 bonorib-

155 3092 276 3164 teologus
296 3095 369 3150 enirn
384 3096 436 3152 iste
447 3097 501 3162 tir,
521 3098 592 3153 sient
606 3099 693 3166 scitis,
709 3100 801 3157 brevit

154 3202 175 3242 as
196 3189 259 3243 dnm
281 3190 325 3253 sit,
351 3200 379 3246 et
394 3191 495 3249 mirleus
512 3192 662 3259 intellectu,
678 3194 799 3250 necessi·

165 3281 312 3352 explanare
336 3283 437 3339 volenti
462 3285 521 3355 eius
537 3286 725 3353 iutemionem,
746 3286 799 3343 etsi

155 3388 215 3428 unns
237 3384 264 3429 et
284 3375 501 3442 sapientissimus
520 3377 547 3432 in
562 3378 655 3434 multis
673 3377 710 3433 sit
726 3386 752 3445 ι,
771 3384 801 3434 et

155 3466 172 3521 ti
189 3467 308 3524 indocto.
325 3467 354 3524 Si
367 3485 431 3526 uero
446 3486 495 3527 ros
509 3482 638 3530 cousuete
656 3474 711 3529 lieo
725 3488 801 3530 ama·

155 3556 290 3624 riticius,
307 3560 370 3614 dum
394 3561 428 3615 ad
448 3562 531 3618 breue
545 3563 625 3618 simul
640 3562 797 3634 sepianum

155 3650 257 3721 scripta
273 3662 346 3716 sunt,
366 3653 525 3722 deferimus,
541 3671 590 3711 nos
608 3657 695 3728 magis
717 3671 801 3726 quant

155 3743 279 3801 ellectum
298 3747 431 3819 erigimus
453 3749 487 3805 ad
510 3749 547 3813 id,
571 3751 642 3821 qnod
666 3750 801 3807 excelsius

155 3839 223 3890 edem
242 3851 291 3906 per
311 3853 341 3894 sc
355 3837 503 3908 perlectam
524 3841 675 3911 accipietis,
703 3841 800 3899 delleri

155 3935 194 3980 cet
206 3929 239 3980 ad
254 3928 397 3983 Dominum
408 3931 530 3985 omniurn
544 3932 695 3997 orationes,
708 3941 801 4003 utpote.

155 4016 256 4072 edentes
273 4015 332 4086 ejus
345 4019 452 4076 divinos
473 4028 501 4076 ιι
520 4021 741 4093 supernaturales
761 4024 802 4078 in·

159 4110 258 4178 spretis
271 4126 303 4166 ac
313 4110 411 4168 vilibus
434 4114 545 4169 tractari
566 4114 804 4184 contemplationi·

155 4209 286 4270 equenter
299 4211 390 4258 autem
411 4207 520 4261 vestiae
535 4206 667 4276 epistolae
683 4220 733 4276 pet·
743 4206 802 4260 siu·

155 4294 394 4366 aginquisitionem
416 4297 488 4365 leci,
508 4307 535 4355 et
553 4299 639 4355 literis
660 4314 801 4356 commen·

157 4401 189 4442 os
211 4396 292 4458 atque
316 4389 507 4446 misericordes
530 4406 578 4448 ros
598 4406 705 4456 eornm,
731 4403 804 4462 quae

155 4492 168 4546 :,
179 4480 287 4551 judiees
303 4480 363 4536 lieri
378 4483 540 4550 deprecans.
564 4496 569 4504 ·

226 4624 228 4628 .
282 4572 481 4632 csnttutuu
501 4576 521 4631 l.

172 4660 207 4699 aa
224 4660 345 4703 manens
365 4661 398 4700 ne
418 4662 642 4705 rtosmrattrsrr.

155 4732 228 4793 ’arco
242 4746 271 4789 ut
286 4739 460 4807 cooperatori,
474 4749 499 4793 et
513 4755 565 4792 uon
577 4738 660 4792 baleo
674 4737 805 4809 quomodo

173 4817 374 4878 superventum,
402 4818 447 4862 cut
474 4809 605 4877 quomodo
629 4825 681 4863 uon
708 4826 724 4861 a
750 4807 805 4863 Deo

165 4889 287 4947 proculus
304 4880 391 4949 pueris
403 4876 415 4917 d
426 4877 615 4951 deripientibus
627 4889 673 4933 αιιι
684 4879 805 4934 detitteu·

166 4957 273 5002 terrum.

851 1998 980 2054 munitate
992 1997 1121 2067 disputat,
1133 1997 1241 2061 vulcus,
1264 1995 1329 2066 quia
1345 1996 1445 2061 ominis,
1465 1995 1510 2064 qui
1531 1994 1648 2050 salutern

851 2096 934 2154 amat,
950 2096 997 2143 aut
1009 2087 1109 2143 actioni
1125 2087 1233 2157 penitus
1251 2094 1297 2141 aut
1318 2084 1540 2155 contemplationi
1560 2091 1649 2139 atten-

850 2180 899 2237 dit.
913 2178 1022 2250 ubsque
1034 2180 1106 2235 enirn
1122 2179 1222 2234 uirtute
1235 2186 1263 2235 ct
1275 2177 1388 2234 scientia
1400 2175 1489 2233 nullus
1501 2176 1555 2232 ullo
1567 2176 1649 2232 modo

850 2271 997 2342 aliquando
1011 2269 1141 2340 consequi
1157 2269 1271 2325 salutern
1282 2269 1380 2340 potuit.
1393 2268 1420 2323 Si
1428 2282 1506 2343 ,em
1516 2282 1566 2335 per
1581 2282 1649 2322 con·

850 2364 1067 2434 temptationem,
1093 2363 1193 2433 inquit,
1218 2361 1414 2418 collocatorum
1437 2360 1495 2416 lieo
1520 2368 1548 2416 et
1568 2362 1649 2414 beata

850 2453 1206 2527 pulchritudinelrueutium
1215 2470 1285 2509 unus
1297 2452 1462 2509 constitutus
1472 2467 1542 2515 snm,
1552 2464 1648 2522 pacem

851 2546 1009 2604 babcns'in
1043 2544 1170 2602 omuibus
1196 2555 1223 2602 et
1251 2544 1514 2611 sanctificationem,
1548 2544 1650 2614 quippe

851 2641 984 2711 meipsum
996 2638 1136 2711 applicans
1149 2639 1205 2694 lieo
1220 2637 1392 2708 inseparabili
1408 2651 1456 2706 per
1466 2617 1648 2707 coqnbt‘ririe‘m

850 2733 1039 2798 similitudine,
1053 2730 1255 2786 irrationabiles
1264 2730 1379 2785 virtutes
1392 2726 1651 2798 animaeeoqitando

851 2824 989 2886 decenter,
1005 2832 1033 2879 et
1045 2821 1131 2878 menti
1156 2836 1206 2891 per
1229 2821 1363 2877 rationein
1386 2819 1555 2883 aeldrteendo,
1568 2826 1595 2875 ct
1608 2817 1649 2874 la·

851 2913 973 2969 miliares
992 2911 1126 2977 iucundo,
1142 2908 1264 2966 lusorem
1277 2909 1339 2965 dico
1351 2917 1380 2966 et
1389 2908 1649 2980 concupiscentiam,

851 3020 913 3063 catu
938 3003 1048 3070 quidem
1072 3003 1099 3057 in
1126 3001 1286 3069 caritateuq,
1304 3014 1366 3054 eum
1383 3014 1456 3081 [ιιι
1473 3001 1500 3055 in
1521 3000 1650 3068 caudium
1733 3035 1737 3045 -

853 3074 1138 3166 mutanffibqttidem
1162 3093 1252 3164 galidii
1284 3091 1423 3162 proprium
1443 3100 1502 3156 est,
1527 3091 1652 3146 exsiliare

853 3188 982 3244 diuinitus
1003 3198 1031 3243 et
1048 3186 1156 3251 laetari,
1184 3186 1254 3241 sicut
1281 3184 1479 3255 praeexultavit
1502 3200 1534 3238 et
1563 3193 1651 3239 utattre

812 3249 837 3314 c
851 3277 981 3344 Joarrtres,
994 3293 1110 3350 magnus
1121 3276 1244 3333 veritatis
1255 3289 1417 3346 praeclusos
1427 3284 1454 3330 ιι
1466 3275 1649 3346 praedicator,

853 3380 901 3427 aut
922 3372 1003 3436 sieut,
1026 3371 1091 3425 dum
1119 3367 1261 3440 quiescere
1289 3365 1354 3421 lecit
1381 3366 1577 3433 arcamilsrscl
1601 3381 1650 3422 rex

854 3466 948 3519 David.
969 3464 998 3519 lu
1028 3475 1114 3521 matre
1138 3464 1224 3528 enim,
1246 3462 1298 3519 etsi
1317 3460 1433 3517 diliicilis
1452 3462 1531 3528 ratio,
1551 3463 1652 3534 quippe

853 3554 1042 3620 inclamabis,
1057 3555 1103 3610 scd
1118 3565 1208 3612 tamen
1219 3567 1296 3619 tera,
1311 3560 1340 3608 et
1353 3566 1402 3607 nos
1416 3553 1525 3608 erbeus
1538 3533 1650 3608 monn

854 3662 959 3714 sttmtts,
973 3647 1019 3717 qni
1041 3645 1236 3715 universitatis}
1250 3652 1292 3701 est
1305 3643 1393 3699 iactor
1405 3653 1432 3698 et
1448 3643 1587 3709 llomlrms,
1603 3643 1651 3712 qui

854 3739 964 3810 quidem
990 3739 1020 3795 itt
1037 3738 1191 3809 praesentis
1214 3737 1286 3791 ritae
1309 3742 1381 3790 statu
1395 3733 1511 3798 (eruite,
1518 3733 1608 3817 geluti
1623 3734 1650 3787 in

854 3839 951 3886 matre.
966 3836 993 3884 ιι
1006 3826 1050 3882 ιιι
1062 3824 1199 3882 sensibilis
1222 3825 1285 3879 hnic
1304 3824 1406 3879 mundo
1423 3830 1544 3893 apparet,
1556 3830 1585 3893 et
1599 3822 1652 3878 boe

855 3922 908 3998 liis,
922 3921 968 3991 qui
983 3926 1047 3974 suut
1059 3917 1208 3973 secnttduut
1219 3914 1351 3970 loannem
1365 3917 1391 3970 in
1406 3915 1514 3985 spiritu,
1527 3896 1652 3972 ΙιιῘιιῙὶἶιῖιι

854 4027 920 4069 vero
931 4010 1012 4066 velasti
1025 4025 1059 4067 ex
1073 4017 1170 4072 matre,
1184 4007 1319 4062 insteriali
1336 4006 1463 4063 uidelicet
1473 4008 1653 4065 circumstan-

855 4108 906 4171 tia,
922 4074 1123 4175 effiautlsper
1144 4102 1171 4158 in
1193 4100 1245 4168 iile,
1260 4111 1420 4171 quaesunt,
1438 4100 1575 4157 occultum
1590 4114 1654 4172 per·

856 4197 976 4269 spiciunt
987 4195 1110 4251 verbum.
1123 4193 1195 4250 Etin
1208 4193 1261 4248 boc
1273 4190 1302 4249 io
1318 4193 1399 4267 lassis
1408 4193 1474 4277 sint,
1487 4193 1533 4263 qui
1547 4190 1653 4262 gaudiis

856 4288 969 4346 ioannis
999 4286 1144 4342 laetantur.
1171 4266 1213 4341 Id
1239 4280 1403 4339 sociabilem
1429 4274 1546 4352 namque
1567 4282 1653 4338 iutmi

856 4381 941 4439 seculi
956 4379 1080 4454 gloriam,
1097 4389 1123 4433 et
1136 4376 1301 4440 claritatem,
1326 4384 1353 4430 et
1368 4375 1451 4438 ritae,
1467 4389 1538 4443 quae
1554 4373 1653 4444 inipso

855 4481 909 4537 est,
925 4468 1118 4543 proprietatem
1137 4465 1173 4520 nil
1186 4464 1282 4520 nastris
1293 4461 1486 4532 ilistatjudicio
1498 4464 1624 4520 laetantis
1639 4475 1653 4506 ⁰

857 4571 1015 4633 comparata
1037 4550 1166 4631 praesens
1181 4559 1248 4622 rita,
1261 4556 1288 4612 in
1303 4573 1355 4628 qum
1372 4566 1483 4628 propter
1496 4573 1545 4613 nos
1561 4556 1651 4613 iulan-

857 4667 899 4715 ιιι
912 4644 1036 4714 ιιιιιὶιιιιι
1053 4654 1132 4720 bens,
1144 4652 1190 4723 qni
1201 4650 1366 4707 estVerbutn
1378 4650 1528 4722 perlectum
1540 4660 1567 4707 et
1577 4650 1652 4721 plus·

858 4768 940 4825 quatu
954 4749 1116 4824 perlectum,
1129 4755 1160 4803 ut
1169 4746 1336 4811 misericors,
1352 4743 1442 4800 iulans
1456 4743 1543 4800 lactus
1558 4751 1609 4799 ιιι.
1624 4742 1654 4800 Si

858 4861 933 4920 ergo,
948 4852 978 4899 nt
989 4844 1089 4899 dictum
1101 4848 1152 4904 cst,
1171 4839 1233 4895 talis
1246 4838 1307 4910 ipris
1317 4853 1387 4903 snm,
1402 4836 1524 4909 possibili
1539 4835 1655 4892 bomini·

854 4924 917 4996 bus
935 4935 1083 4993 secuudum
1104 4939 1277 5004 praesentem
1301 4929 1385 4984 uitam
1412 4928 1595 4984 transitoriam
1626 4927 1655 4983 in

158 5040 491 5131 ipsumderipiQt
513 5041 633 5106 uterimei,
656 5040 743 5095 visuum
763 5049 807 5097 aas
860 5030 952 5087 (lirina
966 5026 1134 5092 summitate,
1146 5020 1293 5094 neglexero
1310 5034 1376 5076 tero
1401 5018 1560 5075 deilormern
1576 5018 1655 5074 babi-
1751 5032 1756 5041 ·

155 5137 234 5190 cviro
245 5152 253 5199 ς
266 5114 769 5206 neque'sicarltitrerisprobatissime,
781 5136 804 5189 si
863 5132 931 5191 lum,
949 5122 1082 5193 meipsum
1104 5119 1138 5176 Μ
1158 5116 1283 5189 ⁰⁰li)oris
1298 5115 1386 5172 “bens
1401 5113 1536 5170 munins
1551 5112 1657 5168 ‘¹⁰³de

157 5226 296 5297 uteliigere
308 5225 740 5295 ipsiusmaquauitnitstedignum
752 5223 806 5279 sol-
862 5218 945 5282 rium,
959 5215 1087 5284 dereptus
1101 5226 1160 5267 sum
1173 5217 1301 5281 gravatus
1320 5206 1522 5284 1⁶1¹&le
1532 5203 1615 5268 curis,
1628 5213 1657 5259 et

157 5317 272 5373 sitllam
281 5312 566 5386 superduusrcrbiset
576 5314 740 5370 intellectum
749 5329 808 5371 ser·
864 5326 880 5363 a
896 5308 953 5364 beo
969 5290 1066 5371 cecidi,
1083 5310 1175 5372 utpote
1187 5301 1221 5358 de
1233 5300 1290 5356 solo
1304 5312 1387 5371 regno
1400 5296 1539 5354 caelorum
1552 5295 1656 5363 copiu-

774 5402 903 5462 NOTAE.

155 5539 227 5577 ·at¹c0
239 5532 291 5583 τοῖς
304 5522 395 5578 ἑαυτοῦ
408 5521 540 5593 idcircum.
554 5520 578 5578 J.
595 5522 692 5576 Scelus
707 5520 804 5591 legisse
898 5531 910 5558 ⁰
930 5521 958 5573 ln
970 5514 1124 5572 Graecumue
1144 5509 1242 5569 nolimu
1257 5509 1328 5573 ἴιναι,
1344 5509 1361 5561 ί.
1378 5524 1402 5562 c.
1421 5507 1506 5576 fusius
1517 5504 1656 5570 esputturt'.

155 5599 215 5659 lau,
232 5596 302 5663 quui
318 5599 448 5662 irreptum.
896 5590 910 5631 d
932 5588 1107 5644 inscitissime
1124 5586 1216 5640 vertit.
1232 5585 1258 5637 ln
1271 5580 1375 5637 Graeco
1392 5587 1448 5638 rute
1468 5575 1568 5638 πέδαις.
1592 5575 1611 5629 i.
1631 5587 1657 5629 e.

155 5669 243 5722 'trueco
281 5673 338 5727 ταῖς
364 5667 506 5742 septippme
530 5673 633 5733 τομαῖς.
665 5664 735 5731 Quid
763 5665 808 5721 bic
862 5658 1031 5727 curtersedibus
1049 5656 1169 5711 viriculis.
1224 5727 1228 5739 Ι
1435 5719 1443 5736 ,
1519 5717 1524 5728 ¹
1613 5715 1647 5729 ..

166 5736 276 5808 legerit,
294 5736 436 5790 ittccttttut.
457 5738 535 5816 raptui
557 5737 621 5804 quil
639 5738 704 5805 sitii,
719 5737 807 5807 expli⁴
903 5745 914 5772 θ
929 5731 958 5785 ln
973 5729 1077 5786 Graeci)
1090 5731 1190 5809 μῂτρας
1204 5731 1271 5797 (opp
1282 5741 1504 5798 πιρικιχυμιμις,
1519 5735 1537 5770 t.
1550 5732 1575 5771 ι.
1592 5716 1660 5770 tttlttl

155 5823 248 5881 occurs
262 5806 308 5862 lib.
322 5823 340 5860 u
354 5807 386 5860 de
403 5803 516 5860 Formis.
864 5827 882 5860 a
898 5803 1007 5859 iaciture
1019 5798 1131 5853 tenetur
1145 5795 1275 5851 obuoluta.
