3984 6534
172 361 193 402 ιι
881 347 1095 406 PROOEMIUM.

176 475 390 540 illustrabant.
407 478 513 553 Quare
541 496 641 562 quum
668 479 801 543 omnino
819 481 960 543 ioannes
981 483 1093 544 Scotus
1116 480 1277 561 ejusmodi
1292 479 1427 558 scriptor
1450 478 1497 541 sit.
1527 477 1619 558 eujus
1646 493 1749 556 opera
1772 475 1806 540 iu

176 608 313 671 «Cursu
331 609 489 691 completo
511 632 526 668 ι
552 610 748 690 Scriptorum
767 607 1058 673 ecclesiasticorum
1074 609 1249 673 desiderari
1264 610 1317 673 rix
1335 609 1482 682 debeant,
1497 608 1653 687 integram
1669 625 1805 690 operum

175 738 245 817 ejus
262 738 436 803 editionem
452 739 599 804 adornari
614 745 644 802 et
658 739 784 820 justum
801 745 832 802 et
856 738 894 801 ab
913 737 1009 818 huJ'us
1031 739 1232 803 collectionis
1247 740 1383 804 consilio
1400 739 1484 803 haud
1500 755 1634 818 prorsus
1659 738 1804 802 alienum

175 886 245 932 esse
260 869 423 934 duximus.
443 874 478 934 lu
495 871 668 935 bisantem
686 873 820 936 loannis
843 874 928 936 Senti
944 873 1099 954 operibus
1114 876 1143 938 si
1159 893 1242 957 quae
1261 881 1441 951 occurrant,
1458 875 1578 956 quibus
1591 872 1682 953 juste
1699 873 1804 934 offen-

173 999 270 1077 daris,
287 1018 352 1065 non
371 1000 543 1064 omisimus
560 1024 575 1060 a
593 1003 726 1065 Monitis
744 1002 783 1067 ad
813 1004 979 1069 Lectorem
997 1028 1012 1065 r>
1029 1007 1225 1086 praemissis,
1242 1008 1296 1070 ubi
1318 1025 1400 1088 opus
1416 1014 1494 1081 erat,
1510 1003 1703 1087 principales
1720 1019 1805 1067 erro·

172 1147 224 1194 res
240 1143 365 1208 notare,
383 1151 442 1196 uec
464 1149 530 1196 nou
544 1134 598 1197 hic
613 1134 681 1198 illic
705 1136 790 1199 uotis
805 1136 970 1219 subjectis,
989 1155 1073 1220 quae
1087 1139 1168 1203 salso
1188 1140 1368 1203 autminus
1394 1146 1480 1203 recte
1498 1139 1717 1218 disputantur,
1735 1153 1805 1200 cor·

174 1264 292 1342 rigere.
313 1267 477 1330 Praeterea
493 1266 527 1328 in
556 1268 826 1332 commentatione
842 1291 857 1327 a
873 1268 913 1333 de
935 1271 1046 1334 vitaet
1067 1273 1246 1353 praeceptis
1266 1273 1400 1336 ioannis
1417 1273 1502 1336 Scoti
1531 1296 1545 1331 ι
1566 1271 1644 1335 huic
1670 1288 1805 1351 operum

174 1373 309 1456 editioni
334 1397 520 1475 praemissa,
544 1414 670 1460 errores
696 1397 801 1478 ipsius
821 1400 936 1464 acriter
963 1401 1231 1482 perstringuntur.
1251 1403 1282 1464 Si
1297 1401 1350 1466 cui
1375 1401 1589 1465 nihilominus
1604 1402 1638 1465 in
1654 1403 1807 1466 notandis

171 1523 306 1587 ioannis
323 1526 408 1589 Scoti
424 1527 589 1591 erroribus
604 1527 727 1609 aliquid
747 1547 765 1592 a
782 1530 878 1593 nobis
896 1530 1077 1611 neglectum
1104 1551 1175 1596 esse
1198 1534 1356 1608 videatur,
1375 1533 1576 1598 excusabunt
1590 1549 1651 1596 nos
1666 1548 1743 1596 eum
1761 1532 1806 1594 rei

173 1653 358 1731 difficultas,
376 1663 443 1721 turn
458 1659 623 1740 temporis,
646 1660 733 1740 quod
750 1661 844 1724 nobis
861 1661 895 1724 in
920 1664 1057 1742 paranda
1074 1665 1215 1729 editione
1234 1663 1367 1729 concedi
1383 1671 1519 1746 poterat,
1540 1662 1722 1743 angustiae.

189 1805 194 1825 ·
221 1779 235 1852 5
252 1777 282 1837 2.
299 1778 338 1838 Et
353 1777 393 1841 de
407 1780 470 1841 hue
488 1777 586 1858 hujus
604 1778 757 1842 editionis
772 1779 850 1843 haec
865 1780 994 1860 quidem
1014 1786 1180 1844 hactenus.
1196 1783 1362 1846 Praeterea
1378 1782 1443 1845 duo
1460 1782 1554 1846 nobis
1569 1782 1691 1863 reliqua
1707 1786 1806 1843 sunt:

174 1898 329 1978 primum,
346 1906 381 1960 ut
398 1898 525 1962 codices
540 1947 548 1977 ‚
562 1916 645 1979 quos
660 1898 889 1973 adhibuimus,
920 1916 1171 1973 enumeremus,
1193 1898 1330 1972 deinde,
1358 1906 1392 1960 ut
1418 1902 1457 1963 de
1481 1900 1613 1963 ioannis
1629 1898 1714 1962 Scoti
1746 1899 1808 1961 vita

174 2021 254 2100 quid
268 2029 470 2101 compertum
488 2019 678 2097 habeamus,
697 2038 908 2100 exponamus.
925 2020 984 2082 Ubi
1010 2026 1116 2082 temen
1132 2021 1164 2079 in
1180 2037 1260 2080 usus
1276 2036 1366 2080 meos
1379 2030 1565 2080 convertere
1578 2035 1642 2081 nou
1660 2015 1809 2079 dubitari

171 2138 263 2201 illam
279 2140 567 2203 commentationem
595 2139 713 2202 devitu
736 2146 765 2202 et
789 2143 965 2221 praeceptis
985 2139 1120 2200 daunais
1142 2138 1249 2212 Secti,
1275 2138 1392 2200 abhinc
1416 2138 1540 2219 aliquot
1566 2137 1659 2200 aunis
1686 2135 1808 2201 editam

150 2266 153 2271 '
172 2266 309 2323 auctore
327 2276 502 2340 anonymo,
519 2277 616 2339 quam
642 2259 794 2338 operibus
810 2258 1013 2339 praemittere
1024 2257 1205 2319 statuimus.
1220 2257 1310 2330 Quae
1335 2273 1435 2336 quum
1455 2256 1487 2318 iu
1507 2257 1664 2338 capitibus
1682 2258 1811 2335 grauio-

151 2384 154 2389 '
173 2382 267 2446 ribus
289 2384 332 2445 sit
352 2384 436 2447 hene
453 2385 619 2460 adornata,
636 2387 740 2448 sotum
756 2383 788 2446 id
803 2382 975 2464 supererit,
994 2387 1026 2444 ut
1038 2381 1206 2458 nonnulla,
1224 2382 1256 2444 iu
1275 2381 1394 2463 quibus
1417 2380 1456 2444 ab
1481 2379 1551 2460 ejus
1577 2377 1732 2458 scriptore
1751 2395 1809 2440 no·

152 2503 226 2583 nbis
243 2504 504 2571 dissentiendum
520 2514 588 2580 est,
605 2506 833 2571 dilucidemus.
1084 2569 1085 2574 ,

966 2661 1022 2738 11.
1299 2648 1307 2676 '

884 2840 1093 2907 CODICES.

215 2989 275 3065 53.
291 2987 330 3050 Et
345 2986 485 3065 primum
502 2986 633 3067 quidem
651 2988 691 3052 ad
706 2990 832 3055 codices
847 2991 935 3071 quod
951 2992 1076 3065 attinet,
1094 2991 1128 3054 in
1156 2989 1290 3054 edendis
1307 2988 1574 3069 depositionibus
1589 3005 1684 3070 super
1696 2989 1808 3050 lerar-

176 3110 279 3173 chium
304 3116 461 3171 coetestem
489 3110 523 3171 S.
548 3109 717 3188 Dionysii,
743 3103 913 3194 hucusque
936 3111 1069 3177 ineditis
1092 3128 1129 3173 ac
1152 3128 1254 3191 paene
1277 3110 1473 3190 incognitis,
1498 3108 1705 3173 adhibuimus
1728 3114 1807 3173 tres.

174 3232 200 3293 E
217 3231 337 3318 quibus
354 3229 455 3292 codex
469 3228 644 3294 Vaticanus
658 3231 738 3306 652,
754 3233 850 3297 initio
867 3234 970 3298 seculi
982 3235 1028 3297 xl
1046 3233 1208 3313 eleganter
1231 3233 1391 3314 scriptus,
1411 3237 1535 3297 constat
1553 3231 1593 3293 58
1607 3230 1806 3293 membranis

174 3355 303 3418 infolio
321 3352 451 3417 minori.
466 3352 617 3417 Continet
633 3371 708 3418 reru
726 3355 811 3419 solas
835 3356 908 3421 illas
932 3357 1065 3422 ioannis
1083 3357 1167 3422 Scoti
1192 3358 1421 3437 expositiones.
1441 3358 1478 3419 ln
1495 3357 1596 3436 primu
1619 3354 1809 3419 membrana

155 3448 291 3536 'manus
315 3473 419 3537 seculi
437 3474 522 3548 xlv,
543 3478 578 3534 ut
597 3472 736 3549 videtur,
761 3473 952 3554 adscripsit:
967 3475 1030 3537 Ιιιι
1055 3474 1178 3538 libellus
1202 3495 1305 3547 em....;
1330 3495 1369 3538 ere
1392 3474 1444 3538 rix
1463 3473 1526 3553 legi
1550 3479 1676 3554 potest,
1702 3480 1811 3536 cetera

181 3597 316 3661 omnino
334 3596 504 3660 obliterata
527 3600 614 3658 sunt.
634 3595 712 3658 ltem
730 3612 844 3658 manus
861 3596 964 3660 seculi
987 3596 1064 3659 Xlll
1080 3598 1248 3672 exeuntis,
1272 3604 1307 3659 ut
1334 3596 1472 3669 videtur,
1485 3595 1520 3657 in
1543 3595 1688 3660 interiori
1705 3613 1810 3659 mern·

155 3704 294 3780 'branae
314 3723 402 3797 parte
418 3714 547 3795 scripsit
565 3736 572 3776 :
592 3736 699 3780 sumus
716 3718 772 3799 (sic
786 3720 806 3798 l)
837 3720 973 3781 omnium
989 3720 1203 3801 theodoporum
1222 3723 1300 3799 iste,
1323 3739 1406 3801 quae
1430 3721 1526 3784 verba
1551 3739 1737 3804 quanquam
1756 3722 1811 3785 di·

157 3838 159 3843 ’
174 3839 271 3902 luere
286 3840 417 3920 quidam
437 3839 573 3915 studuit,
589 3846 696 3903 tamen
710 3841 795 3906 bene
809 3850 946 3924 possunt
961 3844 1066 3909 adhuc
1094 3845 1264 3926 distingui.
1280 3846 1398 3920 Quater
1411 3843 1460 3907 rel
1476 3841 1653 3922 quinquies
1668 3843 1707 3906 ad
1723 3862 1810 3907 mar-

177 3962 287 4042 ginem
304 3962 591 4039 deprehenduntur
618 3961 742 4038 glossae
770 3961 868 4025 trium
892 3963 943 4026 rel
969 3968 1122 4044 quattuor
1148 3964 1318 4028 verborum
1334 4011 1343 4042 ,
1359 3981 1439 4045 quas
1454 3978 1555 4043 quum
1573 3964 1627 4025 rix
1645 3967 1807 4044 potuerim

176 4079 380 4158 dignoscere,
398 4079 538 4160 neglexi.
555 4081 598 4154 ls,
612 4081 668 4160 qui
693 4080 810 4144 librum
828 4082 1018 4163 descripsit,
1046 4100 1177 4147 sensum
1201 4084 1257 4146 vix
1283 4101 1423 4166 unquam
1453 4087 1577 4167 attigit;
1595 4107 1693 4170 quare
1708 4091 1810 4157 inter-

176 4200 311 4282 punctio
323 4199 495 4265 lalsissima
508 4205 577 4275 est;
594 4199 673 4279 quin
692 4199 759 4264 imo
773 4200 837 4266 duo
856 4202 951 4267 verba
963 4203 1048 4268 haud
1063 4222 1134 4268 raro
1147 4205 1183 4267 in
1201 4222 1301 4269 unum
1319 4206 1562 4284 contrahuntur,
1579 4207 1639 4272 alia
1652 4207 1810 4276 dismem-

175 4324 318 4387 brentur.
336 4325 449 4388 Finem
466 4338 578 4387 versus
595 4325 711 4387 menda
729 4330 805 4386 suut
822 4326 996 4389 crebriora.
1013 4326 1132 4390 Graeca
1151 4327 1259 4404 verba,
1275 4345 1358 4408 quae
1377 4337 1574 4405 occurrunt,
1591 4329 1673 4395 male
1687 4333 1809 4414 scripta

176 4452 264 4509 suut.
284 4447 331 4507 Ex
346 4446 407 4509 hoc
420 4445 520 4524 igitur
536 4443 646 4508 codice
660 4462 762 4523 quum
778 4444 911 4506 Curetes
929 4445 1048 4522 Greitlt,
1066 4446 1206 4511 ecciesiae
1219 4448 1251 4512 S.
1269 4448 1354 4512 dotti·
1369 4450 1404 4512 iu
1417 4450 1560 4513 Heluetia
1575 4471 1658 4516 ammo
1665 4471 1807 4534 proepo-

70 4628 75 4635 .
173 4571 256 4631 ritus
273 4586 309 4628 uc
328 4566 497 4646 officiatis,
514 4565 745 4642 expositiones·
757 4565 829 4628 illas
847 4567 1090 4649 descripsisset,
1113 4570 1289 4636 liberaliter
1314 4573 1393 4635 mihi
1409 4574 1533 4653 cupiam
1552 4578 1605 4641 sui
1628 4580 1809 4660 apographi

175 4690 262 4763 lecit,
278 4686 366 4768 quod
380 4683 499 4746 deiude
513 4685 632 4746 llomae
644 4686 751 4750 denuo
767 4689 806 4751 ad
821 4689 939 4752 codicis
954 4690 1048 4753 fidem
1068 4691 1183 4769 etipse
1198 4692 1369 4772 diligenter
1384 4699 1517 4762 contuli.

217 4815 231 4886 t
249 4812 280 4870 ts.
295 4808 384 4872 atter
400 4810 450 4868 est
468 4804 569 4866 codex
584 4822 643 4866 ms.
663 4804 716 4866 lat.
732 4805 792 4868 380
807 4806 1020 4874 bibliothecae
1035 4811 1152 4888 Regiae
1170 4813 1381 4892 Monacensis,
1402 4818 1479 4880 olim
1494 4818 1678 4886 Electoralis
1692 4823 1811 4888 biblio·

177 4934 286 4996 thetae
302 4924 586 4991 serenissimorum
607 4928 777 5008 utriusque
801 4930 952 4995 Barariae
982 4934 1100 4996 ducum
1117 4982 1125 5012 ‚
1142 4942 1176 4998 ut
1194 4955 1232 5000 ex
1249 4939 1367 5019 insigni
1381 4957 1492 5005 corum
1511 4986 1519 5017 ,
1549 4943 1696 5006 interiori
1718 4951 1817 5029 partit
1851 4977 1854 4985 <

177 5058 320 5142 operculi
335 5056 453 5129 affixo,
473 5054 691 5131 cognoscitur,
709 5056 995 5131 membranaceus,
1012 5058 1228 5134 seculiltlll‚
1246 5062 1287 5138 lu,
1312 5062 1414 5126 literis
1442 5071 1588 5129 exaratus
1615 5066 1811 5130 minusculis

176 5182 254 5246 satis
268 5177 391 5250 nitide,
416 5178 537 5238 etcum
561 5171 785 5236 abbreviatura
815 5174 938 5255 uulgari
952 5221 960 5251 ,
975 5175 1009 5237 in
1027 5176 1185 5258 principio
1222 5179 1375 5256 mutilus3
1400 5199 1486 5247 nuuc
1511 5188 1635 5247 constat
1654 5182 1742 5247 loliis
1757 5187 1810 5249 96.

175 5305 277 5371 Tituli
292 5311 324 5367 et
339 5295 621 5374 numericapitum
639 5298 876 5377 suutsminiati.
903 5299 1047 5363 luitiales
1072 5301 1172 5364 minio
1199 5320 1271 5366 oum
1294 5304 1458 5384 pigmento
1488 5303 1636 5367 caeruleo
1663 5302 1812 5371 adhibito

176 5434 252 5490 sunt
270 5427 434 5506 eleganter
449 5424 653 5501 elaboratae,
672 5426 837 5504 ductuque
865 5422 951 5486 haud
976 5440 1047 5486 raro
1068 5442 1172 5503 usque
1201 5426 1240 5487 ad
1267 5427 1362 5490 finem
1381 5428 1586 5491 membranae
1605 5428 1812 5509 pertingente

177 5546 349 5624 praeditae.
369 5555 396 5613 A
413 5553 509 5615 variis
527 5552 676 5615 manibus
693 5548 814 5628 passim
842 5548 999 5629 scriptura
1016 5547 1156 5610 radendo
1184 5548 1232 5610 vel
1259 5551 1448 5630 corrigendo
1464 5551 1496 5612 in
1514 5550 1581 5630 ipsa
1598 5557 1705 5615 textus
1724 5550 1810 5617 linea

177 5676 308 5746 ramata,
325 5673 410 5738 haud
428 5692 528 5754 pauca
542 5693 641 5755 supra
663 5670 713 5737 vel
732 5673 771 5735 ad
787 5674 964 5751 marginem
977 5673 1136 5752 adscripta
1155 5680 1238 5734 suut.
1256 5674 1470 5738 Continentur
1486 5691 1523 5736 oo
1538 5673 1616 5739 haec
1633 5698 1640 5738 ε

218 5798 247 5861 1.
277 5795 333 5861 fol.
362 5800 546 5874 1,1-t,a
571 5799 788 5877 fragmentum
820 5798 973 5861 versionis
1004 5794 1141 5859 caelestis
1174 5794 1362 5858 lerarchiae.
1390 5796 1485 5869 Quod
1512 5795 1626 5878 incipit
1660 5817 1670 5861 ι
1700 5814 1811 5878 tuper-
