3984 6534
171 436 225 494 999
873 426 1014 485 tonsus
1032 427 1131 485 scort
1747 435 1787 491 Μ

172 553 239 606 rur?
252 550 311 618 Quo
321 550 381 614 lob,
393 549 438 619 qui
450 548 519 602 onir
531 565 538 600 ε
551 547 650 600 Audita
661 547 734 600 nuris
747 545 837 599 audivi
848 554 883 609 tc,
894 561 963 599 ausc
976 553 1002 610 Α
1015 561 1069 600 non
1083 547 1270 610 deseruerant,
1284 552 1317 599 et
1334 544 1363 598 in
1380 556 1477 614 quern
1497 543 1583 599 finito
1600 545 1752 613 apparitionis
1763 566 1789 605 a

172 652 261 694 autem
272 639 363 692 oculus
372 655 445 690 meua
456 637 524 690 sidet
536 637 580 690 tet
593 635 653 702 Quo
664 635 762 700 lloses,
773 634 924 690 ascendens
937 634 965 688 in
1014 644 1156 690 eramento
1175 634 1277 689 reversi
1294 642 1376 698 sunt,
1394 647 1460 687 non
1473 634 1627 697 aliorum
1640 636 1788 707 etiaim

172 741 291 785 aruntem
308 729 405 784 Sinai?
428 729 487 794 Quo
501 729 584 783 ceteri
600 729 760 798 prophetae,
776 726 965 798 praevidentes
1015 724 1043 780 io
1060 739 1115 792 quo
1138 734 1166 778 et
1189 739 1251 779 cum
1267 739 1325 792 guo
1341 738 1442 777 unum
1463 732 1547 778 sant.
1569 722 1651 790 Quod
1671 731 1790 796 mh

174 821 294 876 Verbum
307 820 354 874 bei
370 820 491 874 incarne
502 826 657 885 ventumm,
670 819 750 889 eique
763 818 860 887 spirito
870 831 966 871 occur·
1014 816 1195 888 significatam
1218 828 1261 871 est
1276 831 1329 886 per
1354 815 1428 870 illos
1442 825 1508 870 tres
1524 815 1637 871 electos
1656 818 1790 890 &tuh

172 910 287 965 rentes?
304 909 364 975 Quo
377 909 474 963 l'etms
488 918 583 980 raptus
598 918 651 973 est,
663 908 777 963 bonum
789 921 839 962 sno
853 921 965 976 respon·
1015 920 1113 961 arcana
1127 904 1384 960 transformationis
1396 905 1424 969 ¹,
1439 905 1494 974 qui
1519 905 1642 962 elevatis
1655 910 1789 965 marni·

172 1001 258 1053 devm:
279 997 589 1053 Yucrdhristmfitisa
603 998 653 1052 bei
666 998 741 1052 oiri?
755 996 963 1063 QuoPaulusin
1015 996 1414 1060 nemriderunt,nisi1esorn
1439 996 1541 1051 εοΙιιω
1558 999 1582 1051 ·.
1598 998 1788 1059 Etutffl'm

172 1088 282 1141 tertium
292 1085 396 1140 eaelum
408 1087 576 1142 ascendens?
588 1086 681 1141 llonne
692 1101 786 1142 omnes
798 1087 853 1151 isti,
862 1099 966 1142 eornm-
1016 1087 1107 1141 haec’
1122 1101 1279 1156 cognoscas,
1291 1085 1354 1156 lege
1366 1092 1515 1140 sanctum
1529 1086 1699 1143 Ambrosiam
1709 1090 1788 1162 ineps

172 1190 225 1244 quie
240 1173 342 1229 similes
353 1175 460 1229 claviam
472 1175 580 1230 Christo
589 1175 667 1243 jnsta
682 1175 891 1246 uniuscujusque
902 1190 966 1245 pro-
1015 1173 1113 1228 sitione
1128 1175 1154 1228 in
1169 1173 1280 1228 Lucam.
1294 1171 1458 1243 Coeum,
1477 1175 1590 1244 itaquis,
1602 1176 1789 1235 maistans

172 1266 260 1335 priam
275 1279 480 1320 communemve
494 1266 625 1320 theoriam
642 1268 711 1337 rapti
723 1282 784 1322 cum
796 1266 843 1324 illo
856 1275 918 1323 sunt
939 1277 967 1321 et
1016 1263 1201 1333 {unigentium
1215 1280 1270 1317 esce
1289 1266 1434 1316 memiana
1456 1265 1602 1320 nebuloso
1615 1268 1789 1325 haracourt·

173 1355 200 1409 in
217 1354 313 1419 illo,iu
328 1355 460 1424 spirituali
484 1357 547 1411 aere
570 1357 742 1414 virtutumet
762 1358 967 1427 contemplatio-
1015 1363 1081 1417 tarn,
1098 1356 1219 1407 etconcti
1240 1355 1309 1407 adria
1324 1355 1488 1424 caliginem
1512 1358 1637 1425 picena,
1652 1360 1790 1427 werdun

173 1444 262 1498 utrm?
287 1442 342 1498 llas
364 1458 459 1498 omines
472 1453 632 1515 ceterasque
644 1446 748 1502 similes
765 1448 819 1502 et¹
843 1446 967 1516 intelligi·
1015 1442 1179 1496 tenebrarum
1208 1444 1316 1497 horrore
1338 1445 1498 1510 subtexat,
1526 1447 1582 1501 vert
1603 1447 1699 1502 tuiis·
1715 1451 1788 1518 ulam

171 1534 242 1589 biles
256 1534 342 1588 nobes
356 1533 399 1586 illa
414 1535 550 1589 sensibilis
564 1536 647 1591 nubes
669 1538 879 1609 praellgurabat,
896 1549 966 1605 ottae
1015 1549 1083 1602 qaae
1094 1549 1140 1586 nos
1155 1548 1207 1586 non
1221 1532 1383 1602 pluvialibus
1401 1538 1508 1606 aquis,
1523 1548 1553 1592 et
1568 1538 1789 1595 amissam

174 1635 296 1694 tempore
318 1623 486 1679 ascensionis
512 1624 654 1681 honriuum
686 1627 790 1696 accepit
823 1627 857 1681 ab
881 1625 967 1680 oculis
1017 1623 1108 1677 imbris
1119 1624 1283 1689 immadidet,
1302 1626 1352 1679 red
1372 1627 1411 1681 de
1425 1645 1490 1698 qu
1511 1639 1623 1685 nentes
1642 1632 1787 1687 ιη’-ιη

173 1712 378 1782 discipulorum,
399 1714 505 1782 qrramde
527 1714 647 1770 elevatus
668 1725 709 1771 cst
731 1717 758 1770 iu
778 1715 891 1771 caelum.
907 1714 966 1770 Non
1015 1712 1065 1767 Dei
1080 1715 1262 1783 omnipotentis
1276 1717 1376 1770 emissa
1397 1719 1479 1787 fidei
1500 1737 1551 1775 ros
1572 1723 1676 1792 rigaud,
1690 1724 1786 1791 etl-b

171 1804 244 1859 enim
268 1803 404 1874 indigebat
419 1805 476 1874 ipse
498 1804 636 1874 cujusdam
660 1806 775 1862 vehiculi
799 1821 832 1860 cx
851 1804 967 1860 nubibus
1016 1819 1075 1869 aas,
1090 1805 1254 1859 inmatuest
1270 1806 1352 1862 lesus
1364 1808 1464 1864 solus.
1483 1810 1594 1882 Itaque
1612 1831 1670 1866 ιιι
1682 1826 1786 1879 traua

172 1893 324 1964 conglobati
352 1894 385 1949 ad
412 1912 441 1952 se
458 1897 651 1953 sublevandum
675 1899 702 1952 in
721 1899 793 1953 aeria
820 1898 962 1952 aetherea·
976 1892 1001 1953 B
1013 1908 1081 1947 unua
1102 1903 1140 1948 est
1154 1894 1261 1964 lactu:
1276 1904 1329 1951 tres
1350 1899 1381 1951 ia
1403 1901 1559 1969 principio
1584 1904 1785 1967 cidamum

171 2001 225 2056 quie
237 1986 408 2056 spatia,cum
420 1987 554 2044 tueritille
564 1998 625 2060 post
636 1991 862 2046 resurrectionem
872 1989 965 2060 purior
1013 1983 1083 2053 boet
1101 1986 1230 2054 perlectae
1246 1987 1315 2040 enim
1336 1988 1405 2054 fidei
1429 2006 1526 2044 aaran
1561 2005 1637 2047 rw.
1661 1994 1784 2065 nme

171 2076 311 2147 leviorque
326 2078 400 2132 omni
422 2078 521 2134 visibili
546 2089 573 2135 ct
596 2080 722 2136 invisibili
747 2089 882 2146 creatura,
905 2077 966 2134 nul-
1013 2077 1093 2130 ctiam
1104 2077 1428 2135 bominuaoratl’mrem
1443 2084 1484 2149 ¹⁶,
1501 2095 1534 2138 ur
1548 2090 1784 2153 annectunt,

171 2167 282 2238 lamque
303 2168 416 2225 localem
431 2179 534 2224 motum
557 2171 583 2225 in
599 2172 815 2242 spiritualitatem
841 2171 883 2226 soi
904 2185 965 2225 cor·
1014 2181 1061 2220 aec
1074 2165 1160 2220 solam
1171 2165 1273 2236 licum
1287 2176 1312 2221 et
1333 2168 1417 2223 Elias
1434 2172 1470 2226 in
1486 2171 1606 2228 Christo
1622 2176 1783 2241 saum

171 2260 246 2328 puris
270 2269 333 2327 post
355 2261 588 2328 regenerationem
611 2263 754 2331 receperit,
775 2270 822 2315 aut
840 2261 934 2316 siverit
953 2260 964 2293 ¹
1013 2255 1093 2310 etium
1115 2272 1162 2309 nos
1176 2272 1258 2310 uuum
1281 2273 1378 2326 corpus
1395 2258 1515 2315 Christi
1538 2280 1649 2318 naam.
1662 2265 1784 2336 fretai

171 2363 329 2412 remanero;
349 2350 436 2418 typice
451 2359 541 2404 autem
555 2351 641 2405 voluit
655 2353 711 2406 suis
721 2351 861 2422 discipulis
872 2350 966 2406 nisibi·
1015 2356 1140 2416 tanquam
1150 2346 1236 2400 ircano
1243 2350 1382 2418 corpore¹¹
1398 2352 1783 2425 recipianturiscbrirtiam.

172 2435 235 2490 liter
247 2436 390 2490 ostendere
406 2437 524 2499 modum,
538 2452 592 2505 quo
606 2438 777 2493 invisibiliter
791 2439 848 2509 ipse
862 2439 890 2491 in
905 2452 967 2491 cor·
1014 2434 1077 2503 quta
1090 2442 1114 2487 et
1136 2450 1184 2489 aaa
1205 2452 1286 2489 unum
1300 2438 1400 2492 erirnua
1417 2441 1452 2494 in
1470 2440 1593 2498 Christo
1615 2445 1686 2500 tm.
1701 2444 1784 2503 hah

174 2523 254 2576 dibus
273 2523 442 2592 diligentium
467 2524 690 2595 sequentiumque
706 2539 736 2580 se
754 2526 884 2581 ascendit.
907 2528 966 2596 lpsc
1016 2524 1144 2590 nubibus,
1158 2527 1186 2580 ln
1196 2528 1295 2595 quihus
1303 2527 1398 2582 Sancti
1412 2532 1546 2588 obviam
1563 2534 1675 2592 Christo
1685 2538 1784 2607 raphu,

171 2613 306 2682 siquidem
332 2613 453 2668 ascendit
478 2613 504 2667 in
525 2614 796 2684 contemplationibus
818 2618 967 2674 ascenden·
1015 2621 1083 2676 satis
1102 2631 1145 2677 est
1160 2631 1260 2676 actum.
1287 2623 1339 2678 Sed
1360 2626 1470 2694 quales
1492 2641 1569 2685 sunt
1592 2633 1675 2687 nobes
1690 2632 1736 2687 ihr
1749 2646 1785 2687 av

174 2705 241 2759 tinm
264 2706 297 2758 ad
311 2720 356 2770 se,
377 2704 466 2759 catillus
487 2705 585 2774 quippe
603 2706 636 2759 ad
657 2704 730 2760 illum
751 2706 810 2762 siue
822 2707 868 2762 illo
878 2717 968 2778 potest
1016 2710 1109 2774 lestes,
1124 2725 1185 2765 cum
1199 2712 1396 2781 qtrihtrsfilins
1408 2715 1551 2774 hominis
1569 2731 1786 2787 ventorumne

171 2795 329 2850 ascendere.
343 2794 519 2859 Nnaocnim,
531 2804 560 2848 nt
571 2794 965 2864 ipseaitmscendttmcuetum,
1019 2801 1072 2856 rito
1093 2800 1243 2870 quaeritur.
1260 2803 1300 2857 hc
1314 2819 1363 2873 per
1380 2805 1437 2861 hoc
1458 2823 1516 2865 eas
1538 2813 1653 2879 vellem,
1664 2810 1786 2882 phase

170 2885 325 2955 aisipuide
344 2883 573 2949 euelodesceudit,
591 2886 757 2940 ueccaelnm
775 2888 886 2952 descrit,
902 2887 967 2942 dom
1017 2888 1119 2943 cumino
1146 2863 1524 2954 catacumbarum
1552 2903 1639 2963 caeli,
1658 2900 1787 2970 mqslln

169 2974 199 3029 in
211 2975 313 3029 sanctis
327 2973 511 3029 intellectibus
524 2989 571 3029 eos
585 2989 677 3030 secum
692 2977 838 3033 sublevans
851 2979 885 3033 ad
897 2979 968 3048 scip
1018 2979 1102 3034 Filius
1113 2980 1229 3035 hominis
1239 2990 1367 3036 venturus
1378 2994 1424 3039 est
1436 2987 1476 3052 ¹¹,
1493 3005 1555 3045 nnn
1567 2992 1785 3055 aliasmsefim'g

172 3081 233 3122 surra
255 3066 387 3121 ascendit.
402 3065 548 3141 Propterea
564 3067 723 3123 subsecutus
738 3086 745 3122 ε
760 3067 858 3134 Filius,
870 3069 966 3138 iuquit,
1019 3070 1072 3126 nisi
1093 3072 1166 3142 ipsas
1183 3073 1314 3129 caelestes
1344 3076 1549 3147 snbstantias,
1575 3100 1650 3156 quae
1667 3084 1786 3155 mrb-

171 3159 297 3223 trominia,
308 3159 354 3227 qui
368 3158 446 3211 estin
459 3157 541 3222 caelo,
550 3157 653 3213 caelum
665 3158 803 3228 appellans
815 3159 934 3222 Patrem,
947 3172 964 3212 a
1020 3170 1077 3216 tute
1087 3163 1319 3233 contemplationis
1329 3165 1404 3220 eirea
1419 3167 1583 3230 Christum
1597 3177 1735 3232 volvuntur.
1744 3175 1786 3241 b*

172 3262 228 3319 uuo
249 3248 334 3303 crivit
352 3262 400 3333 per
415 3248 640 3315 incantationem,
656 3257 682 3305 et
695 3249 729 3304 ad
743 3266 823 3321 qoem
838 3223 1001 3305 reversosc
1016 3251 1089 3305 niam
1104 3266 1170 3306 vero
1190 3253 1508 3322 incomprehensibilem
1527 3269 1666 3336 omnique
1688 3261 1786 3322 intchtfl‘

172 3347 234 3410 post
250 3337 260 3368 ⁸
276 3339 512 3392 resurrectionem.
539 3337 697 3407 Ubicunque
718 3340 790 3394 euim
813 3342 824 3372 ⁸
849 3343 964 3410 legimus
1016 3339 1176 3396 invisibilem
1201 3358 1332 3398 summam
1346 3359 1378 3400 ac
1403 3360 1549 3408 sanctam
1573 3355 1786 3425 Trirritatenm

172 3430 202 3484 in
212 3428 367 3498 Evangelio,
381 3427 524 3483 bominum
537 3427 692 3485 sublevasse
700 3429 793 3486 oculos
807 3432 833 3486 ln
846 3435 962 3502 caelum,
1015 3443 1124 3501 superat
1144 3449 1250 3488 omnem
1275 3434 1455 3502 intellectum,
1476 3459 1540 3500 non
1556 3464 1611 3516 per
1633 3446 1787 3520 §gimagi-

172 3523 281 3577 Patrem
301 3537 379 3576 sunm
401 3520 552 3592 intelligere
567 3521 709 3587 debemus,
722 3525 768 3592 qui
790 3523 863 3579 solus
878 3528 964 3596 major
1014 3523 1099 3589 ciunt,
1114 3525 1161 3579 sed
1177 3526 1204 3578 in
1219 3526 1390 3595 theophaniis
1401 3539 1788 3609 comprehensibilibus&

173 3611 221 3667 illo
232 3619 285 3677 est,
296 3625 329 3666 ea
340 3610 455 3675 ratione,
465 3625 517 3678 qua
528 3611 608 3665 Pater
617 3613 843 3680 praeceditcansa
855 3615 961 3670 Filium.
1013 3613 1246 3681 conrrmnrallhus,
1262 3626 1406 3687 propterea
1423 3625 1523 3680 nubes
1541 3632 1617 3685 caet}
1637 3628 1787 3687 ,fimum

177 3705 276 3763 Tribus
293 3711 382 3758 autem
401 3703 488 3757 modis
508 3702 600 3757 Sancti
622 3703 648 3756 in
662 3703 780 3772 puritate
794 3707 962 3781 contempla·
1014 3705 1080 3774 ipsis
1105 3706 1238 3775 siqnidem
1263 3710 1489 3778 apparitionibus
1522 3719 1655 3789 divinis,
1684 3728 1707 3779 in
1728 3724 1789 3794 μ

173 3801 255 3857 tionis
267 3816 328 3856 cum
341 3796 449 3856 Cht'tstc
470 3804 496 3852 et
512 3795 539 3853 'tn
554 3793 661 3852 Christo
684 3794 742 3850 lieri
766 3797 962 3866 intelliguntur.
1013 3795 1098 3851 Mum
1114 3798 1213 3862 vident,
1228 3799 1359 3854 metecus
1371 3804 1560 3865 substantias
1577 3816 1691 3870 nubium
1703 3813 1788 3871 vocal&

171 3891 193 3948 F
196 3894 254 3948 innt
268 3893 340 3947 euim
357 3902 385 3947 et
403 3892 490 3945 adhuc
505 3891 533 3944 ln
551 3904 632 3944 carue
652 3887 766 3954 detenti,
782 3888 851 3944 liunt
871 3904 886 3943 a
901 3904 963 3946 cor·
1013 3887 1143 3942 Dominus
1157 3888 1215 3957 ipse
1229 3889 1402 3958 significavit,
1428 3909 1497 3950 cum
1517 3904 1629 3971 guribus
1646 3917 1674 3961 01
1694 3906 1788 3972 pm.

173 3997 239 4052 pom
255 3982 346 4046 soluti,
363 3982 431 4036 liunt
443 3982 602 4050 corporibus
617 3982 744 4052 receptis.
762 3981 863 4036 llorum
880 3983 962 4036 trium
1013 3979 1144 4033 adventus
1167 3980 1236 4049 ejus,
1252 3980 1303 4035 hoc
1324 3991 1376 4048 cst,
1387 3986 1560 4056 maJestaris
1583 3997 1660 4053 unffi
1683 3998 1788 4053 dags.

172 4074 314 4128 modorum
326 4073 543 4128 manifestissima
553 4072 675 4139 exempla
687 4074 714 4125 in
726 4072 964 4128 transtormatione
1013 4069 1137 4124 onmihus
1152 4070 1229 4125 bonis
1239 4081 1267 4125 et
1281 4072 1358 4126 malis
1370 4075 1535 4144 amplitudo
1548 4085 1737 4142 declarabunt,
1747 4085 1788 4140 lb·

174 4164 281 4219 Domini
314 4165 340 4218 in
370 4172 460 4220 monte
493 4160 665 4215 uranitestata
697 4170 781 4228 suut;
816 4164 963 4218 viventium
1013 4168 1040 4213 et
1053 4159 1184 4214 caelestes
1201 4163 1367 4217 snbstantias
1389 4164 1527 4223 localiter
1549 4179 1660 4232 moveri
1681 4174 1788 4247 spuunt

173 4258 306 4329 siquidem
322 4259 443 4312 incarne
460 4252 707 4318 Elias,solutovum
722 4255 960 4327 corporehioyscs,
1013 4263 1078 4304 suae
1101 4259 1212 4304 uatttrae
1231 4251 1299 4305 tutio
1322 4267 1374 4305 nou
1399 4256 1531 4323 patitur;
1565 4275 1708 4319 moventur
1728 4274 1787 4318 arur

175 4347 373 4418 resurgentium
390 4349 446 4416 ipse
462 4341 591 4397 Dominus
607 4352 698 4414 typum
714 4344 847 4414 gestabat.
863 4342 964 4399 Resur-
1013 4339 1200 4410 spiritualiter,
1218 4355 1291 4402 curru,
1313 4342 1384 4411 quod
1411 4344 1439 4397 in
1464 4361 1560 4404 caussa
1577 4356 1700 4410 omnium
1717 4353 1788 4407 taces

174 4437 304 4494 rectionis
322 4437 453 4502 siquidem
469 4432 590 4486 omnium
610 4432 723 4487 turmam
744 4434 771 4487 in
788 4433 965 4504 transfigura·
1014 4428 1077 4482 dum
1093 4442 1153 4483 esse
1169 4429 1347 4497 perspiciunt,
1373 4429 1398 4483 iu
1415 4432 1474 4500 ipsa
1492 4449 1616 4508 natura,
1629 4457 1697 4513 quae
1710 4452 1787 4513 peres

173 4529 247 4582 tione
255 4523 296 4578 soi
306 4523 429 4589 corporis
439 4518 712 4588 ‹llseipolisostomlit.
724 4521 757 4575 Et
767 4537 801 4576 ue
811 4522 959 4584 existimes,
974 4516 1227 4618 Dsdministratm,
1252 4527 1279 4571 et
1302 4520 1343 4571 cui
1360 4522 1538 4589 praesident,
1565 4542 1696 4602 peragam
1716 4531 1787 4597 aba«

172 4614 258 4669 Etiam
271 4609 358 4664 adhoc
371 4610 396 4663 in
408 4622 521 4678 corpore
533 4624 582 4664 suo
594 4609 727 4662 viventem
738 4609 771 4662 de
784 4607 862 4662 locali
872 4606 963 4676 aliquo
1015 4622 1064 4663 suo
1081 4607 1158 4662 locali
1170 4618 1197 4663 et
1212 4611 1351 4679 temporali
1369 4621 1456 4679 tuetur,
1473 4615 1556 4685 locs,
1575 4633 1603 4678 ει
1618 4635 1738 4694 magon,
1748 4634 1787 4676 η

175 4699 313 4770 paradiso,
325 4714 373 4752 seu
388 4698 500 4770 hloysen
514 4697 547 4753 de
558 4699 621 4753 sede
633 4696 722 4766 aliqua
736 4697 900 4763 annuarum,
914 4711 962 4753 seu
1015 4699 1124 4767 niaque,
1139 4712 1208 4766 quae
1229 4697 1255 4753 in
1270 4699 1309 4752 eis
1328 4701 1618 4778 circumscribuntur,
1638 4714 1786 4783 clamata

174 4797 283 4857 recepto
294 4803 407 4859 corpore
418 4790 451 4843 ad
465 4789 600 4844 Christum
613 4797 675 4842 tunc
685 4787 855 4851 convenisse,
869 4803 962 4857 perae·
1014 4786 1145 4841 Dicuntur
1159 4787 1241 4842 etiam
1257 4788 1359 4852 venire,
1372 4791 1484 4858 quando
1498 4794 1529 4849 in
1543 4799 1641 4870 :aliquo
1655 4796 1785 4857 visibtllltis

175 4888 256 4948 toque
277 4880 520 4950 transfigurationis
542 4879 670 4951 mysterio
686 4878 720 4932 ad
742 4879 799 4933 loca
815 4877 870 4941 illa,
890 4877 961 4931 unde
1012 4879 1058 4947 qui
1069 4879 1140 4948 digni
1154 4888 1225 4944 sunt,
1237 4889 1377 4949 apparent,
1387 4884 1522 4942 recedere
1534 4905 1616 4955 vero,
1628 4888 1785 4963 unanimanti

174 4980 315 5035 venerant,
330 4985 453 5025 reversos
464 4969 546 5025 livisse
562 4987 568 5022 :
585 4983 677 5024 verum
691 4969 881 5047 incunctanter
894 4967 961 5021 hdc·
1017 4981 1098 5022 sensu
1110 4983 1240 5038 corporeo
1255 4970 1365 5024 omuino
1378 4985 1575 5033 removentur.
1592 4981 1649 5036 Nec
1662 4992 1686 5036 te
1700 4986 1786 5037 mvelt.

174 5063 290 5133 litesque
305 5060 385 5117 crede
396 5073 425 5115 et
443 5061 573 5129 intellige,
590 5076 642 5113 non
654 5059 762 5113 aliunde
784 5057 957 5127 processisse,
1016 5060 1088 5129 qrtod
1098 5060 1163 5122 diri,
1175 5059 1329 5130 spirituales
1338 5062 1509 5120 sohsmntias
1523 5075 1787 5141 temporalemnotm

179 5155 234 5229 nisi
245 5155 278 5209 ab
296 5168 339 5218 eo,
356 5168 417 5207 eum
432 5167 486 5222 quo
511 5157 693 5220 appantcrunt
712 5149 722 5180 ¹
740 5149 766 5202 ln
785 5157 888 5215 monte,
913 5150 965 5206 hoc
1016 5166 1070 5206 non
1083 5152 1150 5219 pati,
1166 5152 1227 5206 dum
1242 5161 1351 5208 sauctus
1364 5154 1539 5225 augustinns
1559 5163 1788 5231 proclamat-ln

176 5234 227 5311 cst,
255 5246 282 5300 in
307 5243 471 5300 sublimitate
495 5241 642 5313 spiritualis
663 5241 785 5306 visionis,
810 5255 879 5309 quae
902 5249 965 5297 tunc
1015 5239 1099 5294 Deum
1116 5243 1171 5295 siue
1189 5240 1245 5295 loco
1271 5251 1294 5296 et
1319 5253 1471 5312 temporeo
1500 5252 1594 5322 seipso
1623 5266 1788 5320 moreretur

177 5332 776 5402 lactaestextrasensuscorporeos⁸,ctln
794 5330 962 5401 quomens·
1015 5335 1098 5387 ditum
1127 5350 1185 5387 uero
1216 5335 1336 5402 spiritum
1363 5351 1409 5404 per
1439 5345 1548 5409 tempus
1575 5346 1635 5401 ane
1655 5346 1723 5411 loco,
1746 5358 1787 5397 nr·

178 5440 258 5492 uttam
272 5434 444 5496 :tpvprttrcrcnh
460 5433 548 5485 eraut,
567 5431 594 5476 et
607 5437 700 5491 quotu,
714 5436 775 5476 cum
789 5429 961 5491 apparerent,
1012 5439 1061 5494 pus
1080 5431 1166 5477 autent
1194 5439 1240 5492 per
1266 5422 1352 5478 locum
1369 5433 1393 5477 et
1412 5434 1516 5497 lentpua
1536 5431 1575 5487 ab
1593 5450 1641 5503 ω,
1669 5437 1786 5506 quinum

817 5534 941 5590 lellhE
961 5533 1162 5591 lbertottns

217 5646 266 5698 'et
295 5650 394 5702 ouull
441 5647 611 5703 'Asineret
651 5644 725 5699 'Sic
753 5645 789 5708 h;
816 5642 858 5698 CF
885 5661 931 5713 per
960 5645 1195 5701 resurrectionem.
1235 5644 1332 5699 ‘enim
1356 5661 1409 5701 om.
1435 5646 1470 5701 h.
1506 5651 1664 5719 'sicem
1686 5656 1784 5722 huppa-

177 5725 293 5769 rturuut.
330 5716 457 5772 ‘hoceat
476 5715 866 5783 iurublimitote-corpoveor
885 5715 984 5768 emh.
1020 5713 1197 5771 'sichem
1234 5715 1499 5774 ‘brabantinum
1539 5721 1783 5793 ’SicCF;Alac.

180 5777 205 5814 ι’
222 5779 263 5841 CF
280 5783 384 5839 Putrem
396 5797 464 5841 arat.
503 5787 524 5820 ¹¹
544 5789 571 5840 iu
584 5802 635 5840 uno
650 5800 756 5853 corpore
770 5799 826 5843 otrt.
839 5783 890 5840 CF.
932 5784 952 5816 ¹¹
970 5793 1008 5845 cat
1025 5782 1135 5840 0111.OE
