3984 6534
149 397 203 459 ora
409 373 413 379 ’
461 373 468 381 ’
834 390 975 454 manus
994 390 1093 452 scon
1549 367 1552 371 ’
1591 366 1597 373 “
1727 387 1774 449 ιιι

149 521 203 577 hoc
216 516 406 576 concesserim.
419 516 489 573 liro.
500 516 570 583 Quid
582 516 680 587 igilur?
690 514 759 571 Nun
773 523 852 579 oica,
867 531 937 585 qaae
950 520 975 577 Λ
990 511 1072 567 veluti
1096 510 1201 566 duabus
1220 508 1343 581 partibus
1363 505 1508 575 concludi,
1519 505 1578 563 lroo
1597 513 1651 573 est,
1675 504 1730 563 beo
1749 518 1774 567 er

149 613 245 676 inlinit,
260 625 366 678 semper
387 609 492 673 babuit,
513 616 540 661 et
557 622 663 677 sempor
676 606 761 661 virlit?
777 606 856 663 Clare
876 608 935 677 qui-
984 604 1119 670 creatura,
1132 604 1262 659 hactenus
1276 601 1412 659 tenebam.
1427 600 1485 658 Sed
1498 615 1576 657 nunc
1590 599 1695 655 iterum
1715 598 1773 658 tte

150 697 935 773 demintelligis,ntreor,beouilrllosseiutururu.dmno..-
984 710 1045 751 mea
1072 695 1176 749 ridetur
1206 702 1323 758 nutare,
1349 690 1497 762 praedictis
1523 687 1775 747 ratiocinatioh

150 797 193 850 nia
202 806 326 861 ⁴tempora
340 791 536 859 intrassipsuur
548 790 701 852 concludat,
713 797 741 843 et
754 789 855 853 orrmia,
866 802 936 858 quae
984 786 1130 842 infirmata.
1157 785 1226 841 bas.
1241 783 1334 839 Fidem
1357 791 1432 839 tuam
1454 778 1611 837 stabilitam
1625 794 1699 847 esse,
1708 792 1775 837 vera-

149 885 176 939 in
198 886 237 937 cis
258 890 330 936 suut.
349 878 474 935 Omnium
495 880 593 949 quippe
605 879 764 949 principium
776 889 803 934 et
817 878 953 936 medium,
984 893 1037 948 que
1058 879 1080 910 ¹¹
1103 878 1207 933 ratione
1236 876 1365 932 munitam
1382 873 1404 906 ¹⁸
1423 874 1526 937 rideo,
1540 872 1644 930 saltem
1670 872 1698 927 ia
1719 872 1773 943 bar,

150 987 176 1028 nt
198 975 258 1028 linis
268 981 319 1037 est,
335 981 362 1025 et
374 972 492 1025 arrtbitus
506 981 533 1024 ct
553 987 648 1025 cursus
663 981 691 1025 et
703 986 839 1026 recursus.
861 972 933 1027 biso.
983 978 1061 1024 extra
1077 968 1159 1024 Deum
1182 967 1249 1022 nibil
1266 981 1325 1023 osse
1339 964 1465 1020 credens.
1480 963 1560 1019 bisc.
1574 960 1628 1028 lta,
1640 970 1672 1016 rat
1694 960 1770 1029 ὢιὶις

150 1061 221 1117 llilril
247 1060 441 1115 molitionum
465 1075 525 1114 esse
546 1075 599 1115 uon
620 1060 736 1129 ambigo.
753 1059 824 1115 Mus.
839 1057 934 1116 Omnia
984 1059 1049 1115 illud
1063 1060 1134 1113 enim
1159 1058 1302 1128 purissime
1325 1055 1503 1127 contemplor.
1523 1052 1599 1111 blas.
1627 1050 1772 1129 bibuli!

150 1156 251 1223 itaque,
266 1167 336 1222 quae
351 1151 440 1207 lacero
455 1151 550 1215 soluit,
563 1152 591 1206 iu
605 1151 661 1207 suis
671 1150 852 1206 rolmrtatibus
864 1165 935 1209 sem-
984 1148 1076 1218 itaque
1089 1158 1117 1204 et
1139 1147 1321 1218 perspicacius
1343 1146 1443 1203 mentis
1456 1146 1551 1201 aciem
1563 1146 1641 1203 cirea
1656 1160 1700 1210 ea,
1710 1160 1771 1216 qur

149 1261 197 1312 per
213 1242 317 1308 lmlnrit3
339 1241 476 1295 nonenim
496 1241 522 1295 in
538 1256 570 1296 eo
582 1241 720 1310 praecedit
732 1240 800 1296 uelle
814 1240 851 1305 id,
863 1239 934 1310 quod
985 1236 1055 1291 intra
1083 1237 1165 1291 Deurn
1190 1252 1249 1292 esse
1273 1236 1372 1300 credis,
1385 1233 1549 1291 circumfer.
1569 1233 1644 1291 bisc.
1666 1235 1688 1267 ⁸¹
1707 1234 1769 1290 intra

149 1334 206 1385 ruit
231 1333 288 1386 deri
312 1350 319 1384 :
340 1330 425 1401 ipsius
445 1332 517 1387 enim
531 1332 660 1387 voluntati
688 1342 859 1386 coaeternum
882 1338 933 1385 cst.
985 1327 1070 1382 ileum
1086 1327 1151 1381 nihil
1169 1327 1240 1381 aliud
1263 1342 1322 1383 esse
1335 1326 1423 1383 sentio
1437 1334 1558 1397 praeter
1580 1324 1769 1397 metat

151 1423 291 1492 Siquidem
309 1436 361 1475 non
374 1430 512 1476 exercetat
528 1420 598 1486 limi,
612 1423 684 1493 quod
696 1422 763 1485 vult,
774 1421 852 1490 quasi
863 1419 934 1474 lutu-
984 1418 1044 1490 lpsu
1056 1418 1078 1451 ¹⁸
1091 1419 1226 1475 corulitam
1237 1427 1400 1473 creaturam.
1413 1416 1484 1471 lire.
1498 1416 1532 1471 ln
1551 1417 1609 1473 lieo
1618 1430 1675 1487 erqo
1685 1414 1765 1482 rides,

150 1532 221 1579 rrun,
248 1515 292 1570 cni
316 1515 404 1570 omnia
433 1515 585 1585 praeseutia
603 1522 676 1576 sunt,
698 1513 932 1582 cujusuoluntas¹
985 1509 1271 1578 qnodbeusnonest.
1288 1507 1360 1563 bisc.
1377 1504 1766 1568 videoexbeoimsm·

149 1621 232 1662 causa
244 1605 363 1659 omniurn
378 1614 429 1669 est,
442 1620 469 1659 e.
480 1604 547 1658 risio
558 1604 607 1658 et'
621 1602 733 1659 ellectus
744 1614 772 1657 et
792 1601 932 1670 perfectio.
984 1610 1053 1658 tum.
1070 1600 1138 1656 blac.
1163 1600 1232 1668 Quid
1246 1601 1337 1669 itaque
1348 1599 1396 1655 tibi
1411 1597 1545 1654 ridetur?
1557 1596 1630 1653 lium
1644 1594 1768 1653 bmn-

151 1696 193 1749 Fit
207 1695 287 1755 ouini,
301 1693 372 1748 nulla
387 1708 462 1747 nrora
479 1693 645 1761 interposita,
659 1693 731 1762 quod
752 1691 824 1747 ridet
835 1690 932 1745 iacien·
986 1692 1043 1756 nia,
1057 1707 1126 1762 quac
1151 1691 1225 1757 iecit,
1241 1701 1386 1760 antequam
1402 1690 1511 1753 tierent,
1531 1688 1623 1744 vidit?
1633 1684 1767 1743 [tuschia

151 1785 291 1842 duunstsi
302 1780 933 1854 voluutasejusrisioejusest,etuisioroluntas,
985 1781 1084 1837 vidisse
1097 1783 1198 1847 onmia,
1210 1795 1279 1850 quae
1289 1774 1373 1836 doluit
1386 1779 1491 1842 lacere.
1502 1778 1671 1849 priusquam
1680 1775 1766 1842 Ιιιιιι,

150 1894 241 1942 omne,
256 1878 327 1947 quod
339 1878 393 1929 vult
404 1876 460 1929 lieri
471 1877 490 1939 ¹,
504 1876 642 1930 subtracto
654 1874 728 1929 omni
742 1873 881 1930 interuallo
896 1874 934 1927 bt.
951 1863 1174 1925 chistinmrim.
1190 1869 1260 1926 llus
1276 1869 1313 1924 Ea
1327 1884 1392 1939 erqo
1407 1868 1485 1935 vidit,
1497 1883 1577 1939 qnae
1588 1866 1680 1924 iacere
1689 1867 1765 1933 nolula

149 1968 205 2021 dr·
221 1969 242 2021 si
256 1983 349 2029 ritune,
370 1966 508 2036 quodvult
522 1966 588 2028 lieri,
600 1974 628 2021 et
649 1964 798 2020 iaciendum
810 1965 892 2026 ridet,
908 1972 935 2017 et
985 1970 1012 2016 ct
1024 1978 1076 2015 non
1090 1961 1142 2015 alia
1156 1962 1232 2023 uidit,
1246 1962 1297 2016 nisi
1308 1976 1350 2027 ea,
1361 1975 1431 2031 quac
1443 1960 1520 2023 lecit,
1530 1969 1562 2015 et
1577 1960 1766 2030 euquaetem,

150 2071 204 2111 trrrn
224 2064 299 2109 extra
324 2072 353 2109 se
376 2065 433 2119 est,
457 2055 603 2124 quodvult
623 2064 651 2109 et
665 2054 747 2120 ridet,
767 2054 813 2108 sed
839 2053 865 2106 iu
893 2066 932 2114 se,
986 2056 1141 2125 priusquam
1157 2052 1268 2116 iaceret,
1285 2054 1359 2107 uidit.
1377 2052 1451 2108 bisc.
1465 2052 1506 2107 lta
1526 2061 1624 2108 tenco.
1641 2050 1763 2108 mem.
1803 2102 1805 2119 ,

149 2145 270 2214 nilrilque
292 2145 318 2199 in
344 2145 402 2214 ipso
425 2154 476 2208 cst,
501 2144 572 2214 quod
595 2143 651 2213 ipsc
666 2158 718 2198 non
742 2141 786 2204 sit,
802 2140 933 2210 sequitur,
986 2157 1181 2211 quamanimae
1205 2149 1268 2197 sunl
1288 2141 1341 2207 illa,
1356 2156 1425 2211 quae
1437 2142 1523 2207 bens,
1539 2152 1692 2215 antequam
1704 2139 1765 2194 “is

148 2244 178 2289 ru
201 2235 212 2265 ⁸
235 2251 326 2298 anino,
345 2235 416 2301 qnod
437 2234 509 2288 mter
534 2244 562 2286 et
584 2231 654 2295 vult,
684 2240 855 2286 coaeterum
877 2228 900 2282 ei
924 2225 935 2256 ⁸
986 2242 1056 2297 reric,
1072 2233 1154 2287 riuus
1182 2232 1321 2300 Quomodo
1346 2232 1419 2287 enin
1436 2241 1600 2288 creaturam
1621 2232 1764 2305 viditque

149 2327 333 2394 intelligatur,
358 2324 380 2378 si
401 2323 525 2377 uoluntas
538 2322 611 2377 illius
629 2330 657 2376 et
678 2322 747 2375 visio
767 2328 793 2374 et
817 2319 934 2373 essentia
986 2323 1073 2377 adbuc
1088 2338 1140 2377 uon
1155 2332 1214 2377 erat
1227 2321 1317 2377 lacta?
1330 2322 1362 2376 Et
1374 2322 1396 2377 si
1408 2322 1431 2355 ¹¹
1445 2323 1582 2379 necaliud
1592 2332 1764 2395 praeterere

150 2431 232 2467 ruiiun
245 2423 294 2467 est.
319 2413 390 2465 bisc.
404 2410 482 2480 Cogis
497 2411 553 2479 jani
567 2426 615 2465 uos
640 2411 729 2475 lateri,
741 2410 840 2475 onmia,
854 2427 934 2482 quae·
987 2424 1076 2468 turarn
1098 2412 1186 2478 vidit,
1210 2428 1290 2470 omne
1303 2412 1386 2476 eninr,
1402 2413 1475 2481 quod
1488 2422 1554 2482 est,
1568 2422 1618 2469 aut
1643 2413 1712 2471 bees
1729 2418 1763 2467 a!

152 2518 257 2570 rurique
276 2511 385 2555 aeterna
401 2510 429 2557 et
451 2502 521 2556 lacta
548 2502 684 2568 dicuutur,
702 2505 784 2559 beorn
811 2521 879 2560 esse.
905 2505 933 2561 Si
986 2514 1110 2583 retentura
1129 2513 1190 2559 est:
1208 2505 1271 2573 quid
1284 2505 1347 2560 uidit
1368 2504 1410 2557 ”l
1428 2504 1551 2560 Proinde
1567 2517 1617 2561 aut
1630 2506 1655 2539 ¹⁰
1669 2506 1763 2577 asipt-

150 2596 222 2647 enim
234 2595 323 2647 dirina
338 2592 461 2648 voluutas
482 2593 625 2664 diuinaque
638 2594 706 2649 risio
718 2595 869 2651 essentialis
893 2607 935 2653 est
984 2598 1063 2660 vidit,
1075 2606 1217 2667 atttequam
1232 2595 1334 2651 iaceret
1353 2612 1444 2661 omne,
1458 2598 1534 2668 quod
1548 2597 1630 2665 lecit,
1649 2604 1695 2655 aut
1706 2610 1763 2653 ern·

149 2699 175 2743 et
189 2687 482 2753 :ieiunumstnonaliud
494 2688 590 2742 cstei'
605 2701 674 2751 csse,
687 2688 759 2741 alitrd
772 2686 848 2749 velle,
862 2686 934 2743 aliud
986 2695 1073 2743 turam
1089 2687 1165 2754 vidit,
1181 2701 1250 2758 cquae
1276 2686 1362 2741 mllruc
1374 2702 1426 2740 rum
1440 2696 1483 2741 est
1508 2697 1617 2744 creata.
1646 2686 1762 2759 Quom&

149 2780 250 2843 ridere,
274 2780 320 2833 scd
341 2793 423 2833 uurun
444 2787 471 2833 et
496 2779 522 2832 id
548 2778 633 2846 ipsum
651 2776 876 2846 superessentiale
887 2816 894 2841 ,
907 2783 936 2831 ct
984 2788 1075 2833 autom
1090 2779 1168 2843 riulit,
1179 2779 1495 2849 quodmllrucuoueratl
1508 2777 1540 2835 Si
1555 2794 1624 2835 cero
1636 2778 1661 2811 ¹¹
1675 2784 1761 2841 craia

150 2883 247 2930 ornuo,
267 2868 445 2937 quodcunque
468 2868 539 2922 intra
561 2867 726 2922 uoluntatem
752 2875 779 2921 ct
802 2865 932 2921 risioucur
985 2869 1046 2924 idco
1060 2869 1211 2934 visionem,
1227 2870 1289 2941 quia
1312 2880 1381 2932 erat,
1395 2871 1519 2940 prolecto
1543 2880 1607 2929 crat
1621 2880 1686 2928 ante
1701 2886 1760 2929 ιιιι·

148 2975 224 3012 surun
240 2958 474 3027 icouqnebcndit,
490 2971 542 3011 non
558 2956 630 3011 aliud
645 2964 752 3027 practer
763 2957 850 3026 ipsum
865 2956 934 3011 raitio
986 2969 1084 3023 turam,
1096 2960 1167 3029 «quod
1180 2971 1303 3016 creatura
1317 2975 1368 3014 uon
1382 2970 1451 3015 crat.
1469 2961 1499 3015 Si
1512 2971 1609 3019 autem
1621 2964 1694 3020 solus
1706 2962 1761 3017 bea

147 3047 211 3102 sinit
227 3047 353 3119 iutelligi3
370 3047 482 3118 simplex
494 3047 626 3118 siquidem
641 3056 737 3102 namra
751 3047 821 3102 iutra
837 3060 866 3103 so
879 3062 933 3103 nou
984 3060 1012 3106 et
1021 3051 1073 3106 sibi
1088 3051 1266 3107 coessentiale
1280 3053 1304 3082 ¹²
1316 3059 1378 3106 ante
1387 3067 1496 3108 onmem
1509 3062 1670 3110 ercamrana
1683 3054 1760 3111 siritu

147 3138 250 3208 patitur
261 3153 331 3202 esse,
346 3141 415 3206 quod
425 3140 481 3209 ipsa
495 3153 547 3193 uon
560 3139 595 3195 sit
610 3156 617 3192 ε
631 3147 715 3195 restat
728 3140 787 3195 sine
800 3138 852 3194 ulla
867 3154 932 3195 oon·
984 3157 1055 3203 esse,
1071 3158 1124 3198 non
1137 3141 1161 3175 ¹⁸
1176 3142 1247 3197 alind
1259 3142 1406 3213 praecessit
1421 3153 1593 3211 creaturam,
1612 3143 1683 3217 quod
1707 3143 1760 3199 bes

148 3229 291 3291 troversia,
307 3244 387 3282 unum
405 3229 489 3284 licum
501 3230 593 3285 nmilia
615 3231 642 3284 iu
666 3231 793 3286 omnibus
808 3246 868 3286 esse
891 3228 932 3285 ia·
945 3205 969 3269 C
984 3234 1099 3301 rideret,
1114 3242 1257 3305 antequam
1281 3233 1383 3290 laceret
1396 3243 1569 3300 creaturam,
1583 3228 1635 3289 nisi
1646 3242 1693 3288 aul
1706 3235 1760 3304 ipsc,

150 3319 211 3372 lori.
227 3318 259 3371 lit
285 3318 307 3372 si
320 3318 356 3372 ita
372 3326 422 3381 est,
446 3319 480 3375 de
495 3320 655 3374 aeternitate
673 3323 805 3387 omniurn,
819 3335 890 3390 qaae
905 3322 933 3376 ia
983 3331 1031 3379 ant
1044 3331 1154 3379 aeterna
1179 3323 1206 3377 in
1219 3336 1250 3377 sc
1261 3330 1289 3378 ct
1311 3331 1452 3377 coaeterua
1470 3322 1523 3378 siut
1549 3332 1642 3379 natura
1656 3322 1693 3376 ¹⁸.
1703 3322 1760 3379 Gor

148 3408 204 3465 beo
215 3420 285 3476 sunt,
302 3411 355 3466 imo
366 3413 448 3466 etiam
460 3425 529 3481 quae
542 3411 612 3465 beas
623 3420 696 3477 sunt,
705 3428 783 3466 uenio
793 3415 835 3482 pie
848 3412 936 3483 plrilo·
984 3413 1085 3471 lectum
1098 3422 1140 3469 est
1153 3420 1242 3469 autem
1256 3412 1282 3447 ¹⁸
1306 3413 1377 3468 inter
1390 3428 1450 3477 nos,
1468 3415 1556 3469 mum
1580 3414 1689 3482 ridbac,
1704 3426 1761 3485 qaae

147 3501 317 3570 soplmutimn
334 3502 413 3556 debet
431 3501 565 3568 ignorare.
588 3499 685 3556 Adbuc
699 3508 853 3557 tamennon
867 3502 936 3559 satia
985 3505 1109 3561 iacienda
1131 3513 1225 3569 erant;
1239 3516 1293 3561 nort
1314 3505 1385 3559 eninr
1410 3504 1543 3575 ignorans
1567 3504 1635 3563 lecit
1659 3514 1702 3561 sat
1717 3519 1759 3561 ιιι

147 3594 381 3665 rideo,quonrodo
395 3592 485 3646 «lirina
501 3600 790 3662 natura,c1traquam
806 3593 935 3661 uibilesi,
983 3594 1163 3670 praevidens,
1179 3595 1251 3666 qaod
1272 3592 1362 3650 iacere
1380 3595 1475 3650 coluit.
1498 3594 1574 3655 base.
1599 3598 1709 3669 Septen
1726 3611 1761 3651 ιιι

148 3691 174 3734 et
199 3683 268 3737 iutra
283 3699 363 3753 quam
379 3681 527 3737 subsistunt
540 3682 641 3747 omnia,
654 3681 720 3736 nibil
735 3683 805 3738 intra
818 3698 848 3740 se
864 3686 934 3740 reci·
983 3688 1104 3757 nullique
1117 3685 1205 3749 rideo,
1220 3684 1374 3756 nullamque
1387 3684 1508 3757 luqicndi
1523 3688 1601 3745 riam
1623 3702 1760 3747 manere

147 3777 186 3846 pit
199 3777 351 3846 essequod
366 3776 416 3831 sibi
432 3774 608 3831 coessentiale
625 3792 678 3833 nou
690 3775 735 3833 sit.
752 3777 822 3833 llus.
841 3777 877 3833 be
889 3794 932 3840 sur.
984 3780 1052 3836 Nam
1066 3781 1088 3836 si
1115 3780 1218 3840 dixero.
1231 3779 1315 3834 berlin
1339 3780 1366 3833 in
1391 3780 1481 3850 seipso
1505 3781 1621 3845 uidisse,
1643 3796 1710 3855 qum
1730 3784 1761 3837 la·

148 3866 219 3935 quod
232 3867 304 3922 nulla
319 3878 416 3922 namra
429 3867 558 3923 subsistat
571 3875 679 3937 praeter
691 3868 776 3924 licum
788 3878 816 3922 et
825 3878 932 3922 oreum-
984 3871 1079 3927 cienda
1089 3878 1176 3933 eraut,
1190 3884 1272 3940 cogor
1284 3868 1374 3935 lateri,
1386 3869 1505 3943 seipsum
1520 3872 1640 3943 vidisse,
1654 3874 1760 3949 quinti

150 3970 219 4017 ram.
235 3972 287 4010 rron
310 3960 433 4013 dubitare
457 3968 484 4013 te
497 3960 670 4017 crediderim.
683 3962 737 4014 imo
760 3961 841 4015 etiam
866 3961 934 4014 satis
985 3962 1038 4017 huc
1055 3977 1108 4018 uon
1119 3969 1178 4017 crat
1196 3970 1333 4026 creatura,
1345 3962 1552 4031 quamuideret.
1567 3982 1622 4025 noe
1634 3968 1761 4025 adederat

150 4046 241 4098 uidero
255 4054 281 4100 te
291 4049 301 4080 ⁹
312 4048 398 4101 rideo.
418 4046 485 4101 Nam
496 4050 567 4115 quod
577 4050 667 4103 dixisti
681 4050 714 4103 de
725 4049 814 4104 <lirina
828 4057 932 4111 natura,
984 4060 1049 4106 aute
1060 4065 1167 4106 ornnem
1177 4059 1340 4115 creaturam,
1349 4053 1419 4121 quod
1427 4062 1540 4122 praeter
1554 4058 1678 4130 seipsum
1686 4058 1762 4115 ritlata

150 4144 225 4188 extra
237 4149 317 4203 squaru
333 4135 398 4188 nibil
408 4144 459 4199 est,
473 4136 509 4188 ita
526 4136 662 4204 intelligis,
675 4145 704 4190 ut
717 4137 841 4199 arbitror,
856 4152 933 4191 crea·
984 4148 1076 4209 posset
1088 4139 1121 4193 ¹⁸.
1134 4139 1174 4193 Ac
1186 4152 1235 4209 por
1247 4141 1299 4195 hoc
1310 4140 1332 4193 si
1346 4140 1448 4206 omnia,
1461 4156 1533 4211 quac
1550 4142 1676 4202 iacienda
1687 4152 1760 4211 emi.

150 4224 244 4280 tricem
266 4226 373 4295 quidem
388 4235 512 4280 naturam
528 4224 595 4280 nibil
608 4233 684 4280 extra
706 4240 736 4279 se
758 4226 856 4289 sinere,
870 4225 933 4294 quia
986 4231 1013 4286 iu
1029 4233 1117 4300 seipso
1130 4230 1206 4293 uidit,
1220 4231 1379 4301 priusquam
1400 4230 1509 4298 fierent,
1524 4238 1685 4294 nemnem
1703 4236 1760 4309 reip

151 4325 303 4371 miraeum
329 4316 351 4353 ¹0
364 4316 431 4371 nibil
456 4325 544 4387 potest
568 4332 646 4383 esse;
661 4325 748 4373 totum
775 4331 849 4382 vero,
862 4318 934 4386 quod
985 4338 1045 4378 sum
1067 4323 1165 4378 vidisse
1192 4337 1253 4377 sera
1267 4321 1373 4377 docebit
1389 4321 1468 4387 ratio,
1482 4331 1511 4377 et
1525 4323 1655 4401 ipsoqit
1675 4324 1760 4391 ouh.

148 4412 258 4472 crearit,
271 4419 298 4466 et
308 4421 393 4475 creat,
406 4411 476 4465 intra
488 4411 604 4481 seipsam
616 4412 769 4475 continere;
782 4411 818 4465 ita
832 4419 932 4475 tamen,
986 4430 1054 4484 quac
1068 4413 1141 4468 lecit.
1169 4413 1197 4468 Si
1213 4429 1257 4479 ea,
1274 4428 1344 4484 quac
1357 4413 1434 4479 sidit,
1447 4413 1477 4469 in
1489 4416 1585 4487 seipso
1598 4416 1673 4485 recia,
1683 4416 1760 4477 erui

151 4512 180 4554 ιιι
194 4501 265 4556 :iliud
285 4503 320 4556 sit
334 4504 401 4571 ipsa,
423 4502 485 4573 quia
507 4501 737 4573 superessentialis
747 4509 800 4565 est,
811 4508 838 4554 et
848 4498 932 4561 aliud,
949 4502 1071 4597 Dfauctor
1084 4511 1112 4556 et
1125 4500 1239 4556 iscurra.
1257 4501 1286 4557 Si
1305 4512 1396 4558 autem
1411 4503 1519 4571 dixero,
1533 4516 1695 4567 emtum
1703 4506 1759 4565 rsit

148 4592 218 4660 quod
234 4594 259 4646 in
273 4606 302 4647 se
314 4601 388 4647 creat
397 4592 430 4645 ¹¹.
445 4591 512 4647 Nam
523 4594 640 4664 seipsum
650 4605 743 4648 creare
751 4606 803 4647 uon
810 4589 934 4645 tibiveri-
984 4593 1144 4657 laciendum,
1154 4593 1307 4665 priusquam
1320 4594 1408 4658 lieret,
1420 4595 1545 4651 dicturus
1555 4598 1759 4669 cretensem

149 4682 364 4736 siurileridemr.
387 4683 459 4738 bisc.
482 4682 578 4739 'iotam
602 4682 804 4752 conceptionem
828 4682 933 4751 cogita·
985 4693 1270 4755 creatura,nutequam
1282 4682 1369 4742 lieret.
1378 4684 1407 4740 Si
1418 4686 1492 4741 enim
1502 4687 1580 4749 bens
1590 4686 1757 4752 viditeara'.

150 4770 231 4823 tionis
244 4772 469 4827 ureaodebeoet
483 4783 606 4827 creatura
620 4773 791 4844 perspexisti.
806 4772 934 4827 Firmiter
984 4783 1127 4845 antequam
1151 4774 1274 4839 tieret¹¹,
1289 4774 1353 4830 illud
1374 4790 1439 4832 uere
1461 4776 1685 4839 mostanmtuer
1700 4788 1755 4845 eat.

149 4861 221 4913 enim
237 4869 317 4931 atque
337 4862 496 4917 inconcusse
509 4873 598 4927 teneo,
616 4864 717 4919 uullanr
741 4873 866 4917 naturam
889 4862 931 4917 uel
983 4864 1055 4935 quod
1068 4864 1138 4919 Deus
1153 4864 1180 4918 iu
1203 4879 1234 4917 ea
1247 4864 1324 4928 rtdtt,
1339 4864 1498 4935 prinsquam
1523 4865 1617 4925 fleret.
1629 4870 1686 4929 lion
1696 4866 1765 4927 erili

150 4956 269 5002 creatam
281 4948 324 5003 rel
338 4964 391 5004 non
412 4960 531 5004 creatam
546 4954 568 4985 ¹¹
582 4961 659 5006 extra
673 4952 757 5007 ὓοιιιιι
772 4951 931 5015 subsistere,
984 4954 1057 5011 Deus
1067 4953 1134 5009 vidit
1147 4954 1169 4987 ¹⁹
1186 4953 1264 5017 laisa,
1277 4953 1340 5009 dum
1357 4954 1393 5009 rit
1408 4954 1645 5027 incommutabilis
1661 4934 1765 5021 renim.¹

149 5048 177 5093 et
195 5038 267 5094 nullo
280 5039 452 5103 modoessc;
468 5054 549 5093 omno
562 5042 715 5108 rermquod
728 5040 862 5105 subsistit,
877 5040 934 5095 siis
985 5043 1199 5115 ecomns,qnod
1222 5045 1249 5099 in
1263 5059 1295 5098 oa
1309 5052 1471 5109 assuerum
1495 5054 1525 5102 et
1548 5044 1754 5107 immakib

150 5134 356 5197 ercammarus
378 5139 585 5197 noncroatum,
607 5132 776 5201 lutraipsun
788 5131 931 5189 contineri.
984 5137 1753 5217 eet.ErsiBeusinseipsouiditoraaturarmpriqqn
1803 5168 1805 5179 =

149 5220 190 5276 Ao
215 5234 264 5290 per
289 5221 340 5277 boc
364 5222 445 5277 totius
465 5222 647 5278 universitatis
669 5221 863 5292 plenitudinem
890 5223 933 5279 bis
984 5229 1073 5293 lieret,
1089 5243 1197 5298 semper
1208 5228 1367 5297 uidit,quod
1380 5228 1457 5285 uidit.
1472 5227 1533 5289 don
1546 5234 1625 5293 eain
1639 5228 1753 5293 cossi
1803 5212 1805 5217 ¹

780 5335 907 5393 lelle
924 5338 1124 5399 tensiones.

185 5451 393 5507 ‘liuolcntotim
429 5450 590 5506 ‘etom.A.
627 5449 779 5518 'perium
800 5450 832 5504 Α.
866 5449 974 5505 idac.
1009 5449 1146 5521 'Aquod
1181 5449 1274 5505 ‘Ceu
1326 5451 1505 5506 'eionalL
1555 5451 1749 5513 'eunom

149 5520 345 5578 ‘discidere
387 5520 525 5577 ΗΜ.
564 5518 739 5575 “barennis
778 5520 971 5577 “Caularem
990 5535 1040 5574 non
1061 5530 1174 5573 crmtnnr
1190 5519 1226 5573 ael
1241 5527 1366 5574 creatoris.
1415 5520 1436 5552 ¹⁸
1452 5537 1565 5593 rerem
1575 5523 1675 5587 omn
1707 5522 1752 5580 “b

149 5592 442 5650 munitarrreuerideo.
477 5586 1044 5656 ''imrcbeum-circcmferbrsc.oms..
1072 5588 1172 5641 “dem
1204 5589 1420 5658 '’Aprimmun.
1460 5591 1633 5657 ”sium
1672 5590 1752 5669 upa

150 5662 324 5720 minorica
374 5664 456 5718 ‘lunt
476 5678 530 5719 om.
548 5662 578 5714 ll.
626 5660 776 5714 ”biraco
814 5660 837 5692 ¹¹
850 5657 1169 5723 sieC;acommrt‹1tt.
1206 5656 1329 5714 '‘riuil.
1366 5659 1389 5691 ‘²
1408 5658 1574 5719 toreuma.
1614 5666 1750 5727 η*

50 5746 55 5753 ·
153 5726 305 5803 ’‘ipossit
353 5734 568 5794 ¹¹snrr.,deu.
605 5730 752 5786 ''Sieniru
764 5728 971 5797 Deua-fieret
990 5726 1089 5782 omC.
1126 5724 1273 5785 '’Coidst.
