3984 6534
172 384 259 428 aratu
882 350 1097 416 concumbat.

171 500 281 565 latinis
297 497 517 576 angustinum
530 500 562 561 el
572 493 777 559 Ambrosium
791 493 824 556 in
840 493 1061 557 ostensionem
1074 492 1263 573 piaclorum
1279 500 1411 556 suorum
1426 484 1528 552 affert.
1550 479 1798 548 Necdeluerunt

172 617 315 696 theologi
329 616 490 698 aequales,
502 616 557 696 qui
572 633 650 680 sana
664 616 717 679 SS.
730 617 858 679 Patrum
873 616 1018 679 doctrina
1032 615 1160 691 imbuti,
1174 615 1542 698 philosophicam,quam
1557 601 1611 667 ille
1621 602 1797 682 jactitabat,

173 735 207 798 iu
226 733 473 827 quaestionibus
494 732 681 813 theologicis
694 732 858 797 solvendis
875 734 1048 808 rationem,
1070 733 1172 798 indoli
1190 734 1355 798 literarum
1371 732 1622 812 theologicarum
1641 729 1717 809 ejus
1731 727 1796 790 aeri

174 852 309 916 omniuo
326 856 577 931 repugnantem,
593 850 719 914 fortiter
737 858 767 914 ct
785 870 985 931 magnacum
1003 853 1184 916 eruditione
1199 854 1433 934 impugnarent.
1452 852 1489 912 ln
1508 860 1648 931 quorum
1665 862 1798 909 numero

173 970 383 1036 Prudentium
398 970 616 1033 Tricassinum
632 976 663 1033 et
677 968 808 1032 Florum
830 968 1078 1049 Lugdunensem
1093 969 1195 1035 luisse
1209 1018 1217 1047 ,
1242 991 1259 1036 e
1283 973 1499 1036 controuersia
1519 970 1559 1036 de
1577 966 1797 1034 Praedestina·

175 1094 263 1158 tione
280 1096 480 1169 compertum
497 1094 557 1152 est.
573 1089 722 1152 Ceterum
738 1089 879 1153 loannes
898 1090 1012 1153 Scelus
1028 1088 1148 1169 ipsese
1164 1091 1270 1170 prodit
1284 1093 1388 1154 virum
1405 1092 1553 1157 sublimis
1567 1092 1720 1172 ingenii.
1743 1093 1798 1154 rari

175 1212 346 1285 acuminis,
358 1208 544 1288 multiplicis
560 1209 734 1283 doctrinae,
747 1209 846 1273 mirae
861 1209 893 1271 in
910 1209 1046 1273 dicendo
1062 1207 1236 1274 facilitatis.
1254 1212 1288 1273 tn
1301 1210 1464 1278 veteribus
1479 1207 1585 1271 laudat
1598 1208 1800 1285 Ciceronem,

175 1327 550 1409 virgiliumffloratium,
566 1325 717 1401 Plinium,
730 1324 911 1402 Boethium,
926 1325 1018 1388 alios.
1035 1325 1213 1388 volendum
1229 1334 1289 1404 est,
1305 1329 1392 1409 quod
1407 1330 1506 1393 animi
1518 1330 1663 1405 dntibus,
1682 1331 1801 1412 quibus

177 1451 340 1523 excelluit,
358 1466 469 1529 parum
489 1447 675 1510 infractum
690 1444 942 1508 Ecclesiaeusus
960 1450 1020 1509 est.
1377 1434 1381 1439 ’

184 1642 188 1649 .
217 1571 263 1631 De
277 1571 400 1632 luanne
415 1568 508 1630 Scuto
523 1565 657 1628 uberius
668 1563 832 1643 disputant
846 1562 951 1624 Oodr'n
964 1563 997 1626 in
1010 1565 1238 1627 commentariis
1252 1558 1516 1647 descriptoribus
1531 1560 1752 1631 ecclesiasticis
1767 1569 1802 1627 V.

176 1696 332 1775 dispareo,
350 1700 382 1756 et
399 1691 543 1755 Histoire
558 1684 712 1747 litteroire
727 1681 763 1743 de
779 1682 810 1743 lc
827 1680 947 1744 Franco
977 1685 1135 1747 Tom.1i'.
1153 1687 1186 1747 V.
1204 1686 1290 1748 Libri
1315 1687 1481 1767 peculares
1499 1687 1540 1753 de
1560 1688 1686 1751 ioanne
1713 1688 1805 1750 Scato

178 1815 214 1878 hi
238 1813 433 1877 nominandi
450 1815 544 1874 sunl:
568 1804 666 1868 Pelles
683 1805 793 1884 Hjort,
831 1804 935 1865 lobon
957 1804 1069 1865 Scelus
1094 1803 1231 1883 Eripere
1254 1802 1327 1866 oder
1356 1823 1417 1866 con
1443 1803 1510 1866 dem
1539 1803 1705 1884 Uespronp
1728 1805 1808 1866 daec

180 1932 377 1997 cbrirtliclcen
398 1927 601 2009 Pbilcscplcie
616 1923 682 1986 und
710 1924 807 1985 ideam
835 1921 969 2002 heiligen
983 1925 1085 2004 Beros
1105 1921 1305 2004 Cupcnbopen
1329 1925 1418 1988 1823.
1439 1920 1545 1988 Franz
1574 1926 1681 1988 Antan
1706 1927 1807 1997 Stcg,

181 2051 334 2111 denmcier
347 2050 481 2111 loannes
491 2050 603 2111 Scelus
615 2044 753 2123 Eriperes
769 2042 834 2104 ond
846 2040 896 2101 dic
912 2040 1129 2119 Wisaenscbolt
1146 2042 1246 2101 ceincr
1258 2034 1338 2104 teo.
1360 2044 1470 2108 Errter
1484 2043 1570 2109 Tbeil
1588 2046 1761 2128 Franclurt
1779 2068 1806 2109 a.

180 2167 227 2229 M.
241 2166 329 2229 tuat.
346 2159 800 2228 M.Soirrt·1leaneiliandier
820 2160 894 2221 Scot
918 2158 1048 2237 Eripc'ne
1061 2167 1088 2220 et
1106 2159 1137 2220 lo
1150 2160 1348 2240 philosophia
1361 2164 1570 2246 scholastique
1590 2162 1807 2255 Slccaboom,

181 2289 286 2351 Poris.
302 2288 469 2351 tutante.
485 2287 601 2348 Mb'llcr
616 2288 752 2346 loannes
767 2284 879 2345 Scelus
892 2284 1029 2363 Eriperes
1039 2281 1104 2343 ond
1120 2283 1200 2344 seiae
1214 2284 1392 2346 Irrtltiimcr
1405 2285 1514 2347 Maius
1527 2285 1615 2346 rate.
1628 2284 1672 2346 De
1687 2285 1811 2347 Ioanne

182 2405 276 2465 Scoto
293 2404 431 2480 Eripere
454 2404 668 2465 ceramentatio
686 2404 812 2464 Bonane
827 2403 915 2466 tate.
930 2403 1036 2484 Atque
1059 2404 1268 2467 novissimam
1290 2420 1369 2469 nanc
1393 2407 1696 2470 commentationem
1712 2407 1811 2471 latine

186 2521 334 2601 scriptam
353 2519 429 2580 huic
444 2520 579 2584 editioni
598 2519 859 2599 praemittendam
877 2520 1072 2583 curarimus.

227 2639 307 2715 tbi.
325 2640 495 2718 Superest,
515 2646 551 2702 ut
574 2639 889 2713 moneam,'eodices,
914 2656 997 2720 quos
1014 2639 1159 2716 adbibui,
1181 2642 1217 2705 in
1243 2641 1348 2708 ironic
1368 2642 1570 2724 singulorum
1587 2638 1750 2710 librorum
1765 2648 1812 2710 in·

185 2760 307 2823 dicatos
330 2775 413 2822 esse.
428 2758 691 2831 abbreviaturas,
705 2755 824 2838 quibus
843 2774 920 2819 usus
935 2774 1020 2830 sum,
1036 2756 1184 2836 vulgares
1199 2766 1286 2835 sunl.
1303 2762 1340 2823 in
1363 2760 1405 2825 iis
1426 2761 1531 2840 libris,
1560 2780 1643 2846 quos
1668 2766 1810 2846 primum

189 2884 287 2958 edidi,
305 2883 449 2947 codicum
470 2898 599 2946 manum
618 2880 768 2960 religiose
784 2885 926 2954 seculus,
944 2880 977 2941 in
990 2877 1084 2941 variis
1096 2878 1289 2945 lectionibus
1301 2882 1395 2946 etiam
1411 2889 1526 2964 puncta
1544 2902 1639 2964 supra
1657 2891 1713 2947 aut
1729 2884 1813 2950 inlra

185 3003 353 3081 adscripsi,
369 3019 451 3082 quae
466 3007 542 3064 sunt
557 3000 648 3078 signa
664 2998 791 3062 liturae.
809 2998 846 3059 ln
863 2995 923 3061 hac
938 3014 972 3060 rc
989 2995 1075 3059 euim
1095 2995 1197 3076 magis
1224 2998 1406 3077 religiosus,
1423 3018 1518 3079 quam
1544 3000 1713 3081 negligens
1739 3021 1812 3068 esse

185 3124 288 3186 uolui.
307 3121 453 3199 Plagulas
470 3123 611 3189 sedecim
631 3128 755 3205 priores
773 3127 902 3187 Parisiis
923 3125 1047 3188 correxi
1060 3146 1073 3198 ;·
1090 3133 1210 3188 ceteras
1225 3125 1368 3186 Bormam
1387 3120 1592 3186 transmissas
1617 3121 1717 3183 semel
1743 3128 1814 3185 tau·

188 3248 256 3302 tum
278 3238 440 3316 perlegere
456 3242 558 3316 potui.
587 3241 681 3315 Quod
695 3243 722 3302 si
738 3242 851 3302 menda
875 3242 1069 3325 typothetica
1089 3243 1141 3306 bie
1158 3243 1225 3306 illio
1237 3249 1406 3307 occurrant
1437 3242 1471 3305 in
1490 3240 1551 3305 boc
1568 3258 1665 3322 opere
1691 3240 1812 3307 laboris

190 3367 401 3420 etaerumnae
419 3355 619 3434 plenissimo,
635 3360 792 3423 benevolo
808 3375 960 3423 excusare
975 3358 1054 3424 vclis

613 3542 658 3597 Διά
672 3549 718 3602 eir
730 3539 825 3602 elleos
842 3548 888 3602 eac
899 3541 1031 3619 ἀλλοτρίας
1045 3546 1089 3600 arei
1100 3551 1146 3602 ceri
1160 3546 1256 3618 χάους.

189 3691 283 3769 Quod
301 3693 357 3757 lib.
376 3694 421 3757 lll
436 3711 505 3776 cap.
522 3694 562 3758 ld
582 3694 622 3758 de
636 3693 795 3757 divisione
812 3695 961 3771 Naturae,
975 3695 1054 3758 iutra
1071 3696 1131 3759 col.
1144 3699 1215 3774 tta,
1234 3698 1439 3762 festinantius
1454 3702 1576 3783 conjeci
1598 3705 1709 3786 salico,
1728 3723 1815 3772 nuuc

190 3827 326 3887 retracto
339 3844 347 3884 ε
360 3820 526 3885 retinenda
536 3826 584 3883 ast
597 3820 691 3884 lectio
703 3820 835 3894 codicis,
846 3838 909 3884 una
920 3821 1047 3885 literula
1066 3830 1199 3897 mutata,
1211 3822 1322 3905 loligo.
1336 3828 1381 3887 De
1393 3843 1457 3907 quo
1472 3828 1559 3908 pisce
1572 3830 1643 3893 vide
1657 3832 1812 3899 Plinium.

191 3946 339 4025 Denique
365 3945 456 4007 locus
473 3966 481 4006 z
499 3944 601 4007 «Sive
625 3944 832 4024 quotidianos
857 3950 965 4007 aestus
993 3943 1062 4006 sire
1078 3961 1235 4019 recessus,
1251 3946 1319 4008 sivo
1334 3946 1469 4010 malinas
1485 3948 1555 4012 sire
1571 3950 1707 4015 ledones
1724 3972 1815 4035 pera·

191 4077 242 4146 gat
261 4091 275 4126 a
295 4069 350 4130 lib.
370 4072 408 4131 V.
425 4088 493 4150 cap.
511 4072 584 4134 3de
599 4072 759 4134 divisione
777 4074 927 4146 Naturae,
945 4072 1027 4135 intra
1045 4074 1104 4136 col.
1120 4075 1190 4147 att,
1209 4075 1266 4137 ubi
1290 4076 1393 4139 labem
1418 4078 1614 4158 suspicabar,
1631 4096 1732 4144 sanus
1751 4088 1814 4158 est,

192 4198 261 4262 sire
276 4217 314 4262 ex
327 4199 387 4263 nde
398 4202 544 4266 codicum
556 4202 786 4266 Parisiensiurn
802 4202 934 4277 ledones,
948 4203 1017 4267 sice
1031 4221 1103 4267 cum
1120 4203 1260 4268 editione
1275 4204 1419 4286 principe
1435 4205 1573 4269 Galeana
1590 4209 1714 4273 titiones
1730 4213 1813 4276 scri·

192 4329 292 4393 bitur.
312 4331 387 4393 Nam
405 4348 499 4395 voces
514 4331 630 4394 molino
647 4339 678 4397 et
695 4331 774 4406 ledo,
791 4334 840 4397 rel
858 4332 978 4407 litiano,
997 4333 1047 4396 rel
1063 4331 1185 4406 ledunc,
1203 4334 1381 4413 significare
1400 4335 1556 4400 «lunaria
1570 4338 1691 4402 Oceani
1710 4340 1816 4405 iucre-

193 4465 300 4522 menta
318 4466 348 4523 et
364 4460 593 4526 decrementa»
610 4470 757 4526 auctores
769 4469 844 4525 sunt
858 4464 910 4523 Du
923 4462 1028 4540 Gange
1043 4463 1076 4525 in
1091 4461 1253 4525 Glossario
1268 4469 1300 4526 et
1316 4464 1455 4544 Scaliger
1469 4464 1508 4529 ad
1525 4466 1690 4529 Varronem
1703 4469 1740 4532 de
1754 4472 1814 4534 lin·

192 4605 256 4667 pcc
270 4587 369 4651 latino
381 4589 439 4652 lib.
455 4590 509 4653 ll'.
525 4591 576 4655 ed.
594 4591 735 4672 Bipont.,
756 4592 793 4651 Τ.
804 4590 845 4665 ΙΙ,
863 4607 895 4670 p.
912 4591 962 4653 52.
979 4589 1026 4651 Cf.
1039 4591 1208 4655 Porcellini
1225 4593 1353 4656 lexicon
1376 4612 1406 4656 v.
1422 4594 1552 4670 lidunc,
1569 4599 1662 4660 Fabri
1682 4582 1817 4673 tlcbsau·

194 4738 262 4786 rus.
277 4722 480 4785 Postremum
495 4722 583 4801 quod
601 4723 755 4800 epistolae
771 4721 902 4785 adriani
919 4722 1018 4803 Papae
1039 4720 1080 4795 lt,
1097 4739 1281 4803 quanquam
1304 4731 1447 4787 anostra
1470 4725 1607 4789 consilio
1623 4680 1762 4808 alienae,
1777 4730 1816 4794 ad

194 4852 312 4916 calcem
327 4854 470 4935 adjectae
485 4860 573 4930 sunt,
586 4853 621 4916 in
636 4853 695 4917 hac
712 4872 747 4917 re
762 4855 957 4935 redemptori
972 4855 1095 4933 roganti
1111 4854 1270 4918 adversari
1285 4855 1389 4920 uolui.

234 4999 270 5060 Et
286 4996 365 5063 baec
386 4999 530 5078 quidem,
555 5001 655 5065 lector
669 4997 837 5072 benevole,
857 5014 939 5076 quae
957 4997 1095 5061 dicerem
1112 4995 1259 5062 habuit!
1278 4999 1397 5080 quibus
1411 5000 1440 5064 si
1467 5002 1546 5084 quid
1566 5002 1622 5068 tibi
1646 5003 1815 5085 probabile

196 5125 345 5202 ridetur,

529 5281 600 5340 bete
612 5295 717 5351 manos,
731 5289 778 5338 aar
790 5278 813 5338 ai
827 5278 924 5339 taicum
936 5291 989 5350 est,
1003 5287 1146 5360 accingere
1160 5288 1266 5340 cantra.

275 5480 404 5544 Bonnaa
419 5475 477 5540 xl.
493 5474 560 5540 Cal.
575 5474 721 5540 Octobris
736 5475 923 5541 atnccctn
