3984 6534
200 356 258 416 Mb
566 358 666 420 blutttt
686 363 730 420 DE
749 359 1102 420 antenusrtmrtoltlt.
1122 392 1158 404 -
1177 360 1224 418 lb
1247 361 1442 422 bbctoultlt.
1770 375 1824 435 330

197 469 449 540 praedestinatam
468 470 542 528 ineo
564 474 659 543 procat
679 474 761 530 dubio
784 472 907 529 babitare
933 486 996 528 cum
1016 472 1111 528 beatm
1125 479 1181 526 mm
1203 473 1339 540 miseros;
1366 474 1455 545 ignem
1469 481 1608 535 aeternum
1628 460 1712 538 istum
1735 483 1823 555 ipsam

198 574 330 633 qnartma
345 563 435 618 nundi
447 562 610 623 elementum
622 581 692 634 esse,
709 568 754 622 ubi
772 580 886 637 corpora
905 576 1060 623 sanctorum
1075 566 1102 621 in
1126 566 1281 622 aetheream
1304 576 1442 625 mutentur
1464 573 1643 644 qualitatem,
1668 578 1823 650 iniquorum

195 672 266 712 uera
283 670 395 726 corpora
409 656 437 711 in
447 674 555 715 aeream
572 660 730 732 qualitatem
752 662 806 716 sint
820 662 983 728 transitum
1000 663 1029 717 in
1045 676 1124 732 coque
1139 671 1297 717 naturarum
1309 663 1379 718 intra
1391 680 1420 719 se
1441 666 1562 724 mirabile
1583 671 1674 742 perfici
1682 675 1821 744 qaudium,

195 749 330 804 malarum
366 764 432 805 rero
453 751 619 809 voluntatum
646 752 779 811 ineffabile
803 762 981 822 tormentum;
1006 757 1093 811 etita
1118 756 1262 826 impiomm
1284 758 1420 824 omnium,
1436 760 1592 832 augelorum
1615 764 1820 840 bominumque,

193 859 309 915 corpora
323 844 454 915 supplicia
468 846 537 916 ignis
561 847 660 902 aemrni
674 861 844 919 perpessura,
866 857 896 903 ut
911 848 1063 920 integritate
1076 865 1168 905 eornm
1184 850 1335 906 substantia
1359 852 1432 909 nullo
1458 857 1537 911 modo
1559 858 1700 928 peritura,
1724 876 1820 919 eoruru

193 942 397 1013 pulchritudine
412 942 570 999 nullomodo
578 944 714 1005 delatura,
727 960 820 1000 eorum
836 945 951 998 rtatrrrali
967 946 1149 1001 incolumitate
1162 961 1349 1016 pemtansura,
1363 949 1487 1005 omnibus
1499 951 1595 1008 deinde
1607 963 1720 1011 naturae
1740 956 1819 1014 bonis

191 1039 426 1095 adunirersitatis
446 1047 633 1093 ornamentum
658 1040 771 1094 mirabili
795 1041 890 1096 ordine
912 1041 1068 1108 refulsuris,
1097 1051 1210 1113 excepta
1239 1042 1414 1110 beatitudine,
1441 1061 1494 1116 qna
1518 1047 1667 1116 prirentur,
1694 1058 1819 1108 aeternae

189 1131 331 1205 patiamur
343 1147 496 1187 aerumnas.
523 1134 605 1187 Deum
625 1148 678 1187 non
697 1148 757 1188 esse
770 1143 918 1199 auctorem,
934 1134 1062 1191 lactarem
1089 1137 1293 1206 suppliciorum.
1307 1138 1412 1194 Poenus
1426 1140 1497 1194 mala
1511 1156 1581 1206 csse,
1595 1141 1709 1211 ideoque
1721 1158 1737 1198 a
1749 1143 1817 1211 beu,

179 1240 277 1308 -qquo
291 1240 345 1281 nou
358 1227 394 1281 sit
407 1227 516 1291 malum,
532 1243 585 1282 non
598 1241 667 1282 csse.
682 1229 765 1283 benur
779 1244 831 1283 nou
845 1229 950 1298 punire,
961 1229 1032 1300 quod
1048 1230 1120 1295 lecit,
1137 1246 1186 1286 nec
1203 1232 1236 1286 ab
1248 1233 1299 1303 eis,
1310 1249 1379 1303 qnae
1391 1234 1464 1300 lecit,
1481 1236 1614 1291 naturalia
1628 1237 1697 1292 bona
1711 1238 1815 1297 tollere.

191 1312 275 1377 &aaa
289 1321 318 1376 in
332 1337 366 1377 ea
379 1330 486 1388 natura,
502 1337 582 1392 qnam
598 1323 711 1388 crearit,
725 1338 832 1393 semper
844 1323 976 1378 babitare.
990 1324 1079 1393 ignem
1096 1334 1234 1380 aeternum
1249 1327 1282 1380 ad
1295 1328 1426 1382 arcadum
1436 1328 1572 1385 diabolum
1585 1342 1612 1388 et
1625 1333 1733 1405 angelos
1746 1335 1816 1405 ejus,

188 1431 237 1473 uec
252 1416 288 1471 ud
309 1416 433 1473 bontines
454 1418 615 1473 cruciandos
633 1417 732 1472 lactum
745 1430 815 1472 esse.
829 1416 950 1484 Diabolo,
965 1427 1105 1488 postquam
1121 1420 1229 1474 actbere
1243 1419 1368 1475 detrusus
1391 1422 1438 1487 sit,
1456 1422 1501 1477 ubi
1522 1422 1548 1477 in
1565 1425 1691 1483 aethereo
1702 1441 1817 1498 corpore

187 1528 241 1571 uota
255 1522 364 1584 poterat
385 1529 486 1585 pocnm
500 1516 613 1579 sentire,
631 1512 752 1568 additum
765 1528 826 1569 esse
838 1528 936 1584 corpus
949 1515 1065 1580 sariram,
1078 1516 1104 1569 in
1121 1531 1174 1585 quo
1188 1515 1276 1588 ignem
1291 1517 1405 1572 sentiret
1422 1535 1445 1571 r.

219 1632 297 1688 ilaec
311 1632 407 1702 bisque
419 1630 517 1688 similia
532 1647 615 1703 qrrnm
626 1630 652 1686 J.
667 1630 763 1687 Scotue
782 1647 816 1686 eu
835 1631 950 1688 decretis
963 1646 1027 1687 suae
1038 1633 1223 1704 pbilosopblae
1236 1642 1330 1690 contra
1350 1644 1458 1691 sanctae
1469 1636 1606 1693 Ecclesiae
1618 1647 1645 1694 et
1659 1648 1814 1699 sanctarum

184 1725 389 1797 scripturarum
404 1724 554 1781 doctrinam
569 1735 662 1797 aperte
680 1725 845 1796 protulisset,
858 1726 922 1795 quid
935 1725 1045 1793 mirum,
1060 1726 1132 1797 quod
1156 1728 1200 1794 iis,
1223 1729 1268 1799 qui
1283 1728 1372 1800 ipsum
1393 1731 1426 1785 ad
1442 1731 1514 1786 bunc
1528 1733 1625 1789 librum
1645 1735 1815 1793 condendum

182 1822 359 1894 inpulerant,
372 1831 483 1878 noceret
497 1822 582 1891 magis
596 1837 677 1891 quarn
695 1822 854 1891 prodesset?
866 1821 920 1880 Nee
932 1823 999 1879 satis
1010 1824 1169 1894 intelligitur
1181 1825 1246 1897 qnid
1260 1826 1307 1893 sit,
1319 1828 1391 1896 quod
1407 1828 1567 1885 llincmaruu
1580 1832 1811 1905 archiepiscopus,

181 1916 393 1989 luteraequalee
411 1915 491 1972 lacile
512 1916 753 1987 prudentissimus,
782 1916 913 1971 loannem
935 1915 1044 1972 Scotum
1058 1918 1188 1984 evocarit,
1210 1919 1256 1987 qni
1276 1928 1368 1989 partes
1391 1934 1454 1975 snus
1473 1921 1517 1976 tali
1532 1925 1633 1994 scripto
1647 1925 1813 1987 detenderet.

181 2012 346 2069 Prudentius
358 2027 423 2067 uero
436 2011 469 2066 iis
486 2009 596 2065 Scotum
611 2010 695 2065 armis
709 2009 822 2065 adorsos
835 2018 886 2076 est,
899 2010 997 2080 quibus
1009 2011 1033 2065 is
1044 2012 1171 2066 resistere
1183 2012 1228 2065 vix
1243 2020 1360 2082 poterat,
1379 2014 1582 2073 auctoritatibus
1596 2031 1752 2078 sanctornm
1763 2025 1814 2081 Pa-

181 2116 265 2163 trom.
282 2107 403 2175 Quorum
418 2106 492 2161 locus
506 2105 662 2160 innumeros
675 2106 828 2176 congessit,
853 2103 1017 2173 scotumque
1034 2105 1150 2160 anticum
1163 2105 1337 2160 acerbissime
1351 2107 1518 2175 perstrinxit.
1544 2109 1600 2166 Nec
1613 2114 1764 2182 omisimus,
1779 2134 1812 2174 es

179 2199 321 2257 Prudentii
338 2221 348 2254 c
366 2199 596 2270 Recepimlationo
612 2218 636 2265 s,
649 2213 729 2270 quarn
744 2200 777 2253 ad
790 2198 890 2253 calcem
903 2198 993 2268 aperie
1007 2197 1048 2253 sui
1062 2197 1170 2262 adiecit,
1184 2197 1322 2263 nonnulla,
1344 2199 1441 2271 quibus
1454 2200 1566 2273 singulis
1587 2202 1660 2259 Scoti
1675 2209 1814 2268 erroribus

179 2293 363 2360 mederemur,
380 2309 430 2350 suo
444 2294 503 2348 loco
515 2293 586 2348 notis
599 2293 707 2349 arldere.
728 2292 764 2349 Ut
775 2308 839 2348 vcro
852 2307 948 2348 armeus
968 2308 1056 2359 arma,
1069 2308 1139 2363 quae
1151 2302 1243 2349 noster
1256 2294 1307 2350 boc
1326 2295 1427 2365 scripto
1448 2295 1476 2352 in
1496 2311 1526 2353 se
1539 2301 1681 2367 convertit,
1696 2304 1812 2360 nonnul-

177 2385 217 2443 los
230 2387 365 2443 librorum
377 2387 516 2443 Prudentii
533 2395 562 2443 et
573 2387 646 2442 Flori
665 2388 784 2459 integros
796 2386 879 2453 locos,
895 2402 944 2442 nec
956 2403 1010 2442 non
1020 2386 1135 2443 duumm
1148 2390 1311 2460 synodomm
1324 2387 1426 2462 iudicia
1439 2391 1593 2450 adscribere
1607 2394 1689 2453 labet.

210 2483 377 2539 Prudentius
392 2483 464 2539 enim
479 2482 506 2539 in
520 2481 683 2553 praelatione
704 2482 765 2537 libri
788 2481 830 2537 sui
843 2522 851 2547 ,
865 2498 937 2552 quae
957 2480 1093 2538 weniloni
1114 2484 1320 2555 arabiepiscopo
1341 2483 1488 2543 Seuonensi
1507 2487 1680 2559 inscribitur,
1702 2494 1743 2551 siu
1763 2511 1810 2551 or-

175 2585 253 2640 ditur
268 2604 276 2640 :

211 2709 356 2771 neamus,
369 2712 446 2775 prout
460 2703 531 2756 decet
542 2710 619 2772 atque
633 2708 743 2770 oportet,
755 2700 810 2755 uelo
830 2700 976 2755 cotlrolicae
986 2701 1050 2770 tidci
1064 2709 1088 2755 et
1100 2716 1175 2756 uerae
1198 2704 1317 2758 caritatis
1340 2704 1448 2773 affectu,
1459 2715 1534 2776 pater
1545 2707 1702 2775 beatissime,
1715 2713 1811 2769 misisti

174 2803 241 2856 stilai
255 2800 391 2872 quandam
410 2798 577 2862 schedulam,
592 2797 680 2851 decem
694 2805 719 2850 et
732 2812 820 2851 nouem
839 2795 955 2866 capitulo
968 2795 1142 2849 continentem
1166 2811 1199 2849 ea
1210 2796 1277 2850 libro
1291 2797 1431 2867 cujusdem
1449 2798 1521 2854 Senti
1531 2800 1635 2866 selecto,
1659 2821 1676 2856 o
1697 2816 1807 2873 nostra,

174 2908 203 2954 ut
219 2898 272 2960 ais,
285 2913 312 2950 se
328 2894 520 2965 quodammodo
533 2892 663 2948 intellectu
684 2892 847 2956 dicertentin‚
863 2906 958 2960 roquns
973 2900 997 2944 et
1018 2905 1147 2954 monens,
1173 2899 1201 2942 ut
1221 2907 1389 2962 quaecunque
1411 2893 1439 2946 in
1457 2893 1494 2947 eis
1516 2911 1609 2948 acero
1633 2896 1807 2954 exorbitantia

172 2991 371 3062 comperissent,
384 2989 524 3058 unicuique
538 2988 570 3041 de
584 2986 658 3042 libris
678 2984 831 3055 euanqelicis
842 2993 865 3038 et
878 2983 1064 3038 cotltalicorum
1075 2982 1211 3037 doctorum
1224 2983 1424 3039 auctoritatibus
1436 2985 1550 3039 dementi
1562 2987 1677 3056 capitulo
1691 3004 1807 3060 eonqrua

170 3088 353 3160 depromerem
371 3083 474 3138 abunde
492 3098 625 3152 responsa.
646 3080 746 3148 Quibus
767 3081 882 3134 decursis
905 3076 1064 3150 solliciteque
1079 3077 1228 3148 perspectis,
1240 3079 1321 3147 reperi
1334 3078 1361 3134 in
1375 3081 1413 3135 eis
1436 3079 1593 3150 Pelaqianae
1613 3098 1709 3137 ueneno
1725 3085 1806 3153 perfi-

172 3183 245 3247 diae,
261 3189 286 3235 et
300 3178 437 3250 aliquoties
453 3176 573 3249 Oriqenis
588 3177 739 3240 amentiam,
754 3174 1014 3246 collyrianorumque
1026 3174 1217 3228 baereticorum
1230 3174 1420 3242 fumositatem,
1445 3194 1556 3248 quorum
1575 3180 1669 3232 nscmto
1689 3181 1807 3237 acatba·

171 3278 241 3333 lirae
257 3276 321 3346 ndei
341 3273 483 3329 cultoribus
498 3290 529 3327 ac
547 3270 798 3343 praepuqnotoribas
815 3267 985 3323 calidissimis
1009 3267 1138 3337 confutati
1152 3270 1481 3340 censuraquejnstissimae
1496 3275 1639 3329 mussitatis
1650 3275 1731 3331 multo
1745 3287 1805 3335 anca

173 3380 265 3441 noptre
286 3379 405 3439 tempora
426 3369 544 3422 damnati
559 3376 630 3422 sunt.
645 3365 784 3429 intremui,
800 3365 893 3433 fateor,
905 3371 930 3418 et
944 3364 1043 3434 capaci,
1060 3373 1096 3417 tat
1113 3362 1176 3418 olim
1187 3379 1300 3428 errares,
1314 3381 1374 3418 curu
1390 3366 1445 3419 suis
1471 3368 1621 3423 auctoribus
1626 3369 1684 3439 jorn
1695 3373 1804 3441 sopitos,

173 3467 271 3523 nastris
283 3465 370 3520 denuo
382 3462 539 3532 temporibus
551 3459 697 3531 pullulare,
718 3469 741 3512 et
753 3458 901 3524 deficientes
915 3456 1047 3528 quondam
1061 3457 1147 3525 lamas
1170 3474 1235 3512 noua
1259 3474 1363 3512 rursum
1377 3459 1529 3514 accensione
1540 3478 1693 3534 erumpere,
1712 3468 1805 3538 suique

173 3557 459 3615 noaietmemultorum
470 3554 558 3609 oculos
580 3553 704 3623 coliqore.
720 3550 832 3618 Quibus,
846 3561 874 3604 ut
889 3551 1022 3621 iusseras,
1039 3550 1187 3619 refellendis
1210 3568 1268 3607 curn
1283 3553 1399 3607 ommam
1419 3570 1540 3623 pararem
1554 3557 1692 3628 appellere,
1705 3560 1803 3617 labaris

173 3652 331 3723 difficultate
343 3651 496 3722 perterritus
517 3647 693 3703 deliberabam
711 3648 813 3717 penitus
831 3647 1012 3700 omittendam.
1031 3643 1126 3700 Verum
1151 3647 1279 3702 monentis
1298 3646 1452 3703 auctoritate
1465 3665 1591 3719 perpensa
1614 3654 1679 3709 duri
1701 3659 1801 3726 satius,

174 3765 234 3803 mm
255 3748 345 3813 [metu
365 3746 537 3813 obedientiae,
566 3744 614 3800 etsi
632 3744 720 3798 miuus
742 3742 839 3812 pleno,
859 3741 1024 3812 aliquatenus
1045 3740 1108 3802 labi,
1121 3758 1200 3812 quam
1220 3751 1344 3810 paternae
1363 3744 1521 3797 reuerentiae
1539 3745 1679 3802 timiditate
1697 3751 1803 3820 stupida

173 3846 315 3901 contraire.
333 3842 472 3897 Animatus
483 3843 571 3911 itaque
591 3839 690 3894 meritis
713 3838 829 3908 raqantis
845 3837 1041 3907 orationumque
1060 3836 1251 3891 instantissime
1264 3837 1379 3904 puritate
1399 3835 1533 3891 scribentis
1549 3839 1632 3894 cisum
1650 3850 1688 3894 est
1706 3840 1803 3898 librum

173 3941 297 4004 eudem,
309 3938 335 3995 si
347 3954 401 4010 que
412 3937 479 4005 {orte
492 3935 602 3989 inueniri
613 3942 708 4002 posset,
721 3932 839 4000 diiiqenti
853 3932 1003 3984 curiositate
1022 3931 1180 3999 perquirere,
1193 3928 1268 3991 cuius
1286 3928 1352 3982 serie
1374 3928 1665 3997 salebrosastantarum
1683 3950 1802 3992 errorum

173 4036 300 4089 tortiones
320 4029 548 4098 solemnioribus
560 4029 667 4082 intueri.
693 4025 750 4091 Quo
773 4025 858 4097 qratia
879 4024 937 4088 Dei,
949 4026 1005 4079 sinc
1017 4041 1070 4095 qao
1088 4022 1153 4079 nibil
1174 4039 1230 4078 sum
1247 4034 1271 4078 et
1288 4023 1354 4078 nibil
1370 4039 1486 4094 possum,
1502 4034 1531 4080 ut
1549 4036 1716 4097 optaveram,
1730 4047 1802 4088 asse·

173 4136 233 4181 esto
245 4124 416 4196 deprehendi,
429 4133 556 4194 quantum
567 4122 692 4176 diuinitus
710 4120 853 4191 inspiratus
865 4121 936 4188 potui
943 4160 949 4180 ,
966 4116 1079 4189 Pelaqii,
1090 4116 1222 4183 Caelestii,
1234 4133 1374 4187 corumque
1389 4118 1506 4189 sequacis
1525 4137 1557 4175 ac
1567 4121 1712 4191 defensoris
1728 4142 1802 4180 acer·

174 4220 244 4284 rint,
255 4218 519 4288 iulianiperomnia
526 4225 690 4280 sectatorem,
705 4213 835 4268 loannem
855 4212 970 4267 uidelicet
983 4211 1102 4276 Scotum,
1116 4221 1190 4266 tanta
1203 4213 1363 4282 impudentia
1377 4214 1537 4269 artbodouae
1548 4216 1611 4284 fidei
1628 4215 1802 4288 Patribusque

176 4312 313 4367 catholicis
323 4311 506 4376 oblatrantem,
515 4327 546 4364 ac
556 4311 579 4365 si
590 4327 658 4364 untes
665 4309 775 4395 spiritus
783 4308 920 4362 lulianum
930 4307 1109 4375 loannemque
1120 4307 1246 4370 docuerit,
1255 4322 1322 4360 unus
1332 4307 1451 4377 idemque
1461 4308 1567 4376 spiritus
1577 4309 1603 4362 in
1610 4311 1647 4364 eis
1654 4311 1744 4379 luerit,
1754 4330 1801 4368 nec

176 4400 386 4472 disporspiritus
398 4415 445 4470 per
462 4415 550 4454 eorum
561 4398 666 4467 linquas
679 4405 716 4450 tot
728 4406 864 4466 tantasque
877 4392 1095 4464 blasplrentiarum
1109 4409 1219 4448 nauseam
1233 4394 1385 4448 euomuerit.
1401 4391 1472 4447 Num
1486 4404 1510 4448 ct
1522 4397 1665 4464 qrataitorn
1677 4398 1727 4454 Dei
1738 4416 1801 4468 qra-

175 4496 242 4550 tions
250 4493 371 4566 pariliter
385 4493 554 4564 impuqnont,
568 4502 593 4547 et
607 4491 657 4547 Dei
668 4491 800 4561 justitiam
810 4490 931 4546 similiter
942 4492 1081 4560 dencqant,
1096 4499 1121 4545 et
1134 4489 1262 4559 oriqinale
1272 4497 1416 4559 peccatum,
1429 4489 1499 4560 quod
1514 4498 1645 4546 nascentes
1659 4492 1798 4563 tradimus,

174 4607 279 4664 quoque
288 4607 341 4646 non
348 4591 398 4644 nisi
408 4591 512 4646 caelesti
520 4592 606 4662 qratia
613 4590 818 4660 permqsterium
826 4589 988 4659 baptismatis
996 4586 1130 4653 saloimur,
1137 4586 1286 4641 indissimili
1296 4586 1450 4656 qarrulitote
1460 4586 1622 4652 dissuadent,
1640 4588 1800 4662 arqutiisquc

173 4687 320 4743 dialecticis
329 4684 728 4756 sinillimaaanitatedesipiunt.
740 4684 919 4739 licetissimum
928 4686 1006 4739 etium
1016 4693 1165 4738 sanctorum
1173 4682 1369 4750 scripturorum
1378 4681 1534 4737 intellectum
1541 4681 1702 4756 Patremque
1708 4681 1800 4739 eatba-

173 4779 575 4837 licoruussensususonissimum
585 4787 639 4832 tom
653 4779 781 4833 concinno
795 4778 962 4832 varicositate
973 4786 1130 4847 perrertunt,
1142 4793 1173 4830 oc
1184 4779 1208 4831 si
1221 4793 1354 4848 nunquam
1364 4776 1488 4832 aduersus
1501 4793 1590 4832 eorum
1600 4793 1700 4834 errores
1722 4778 1799 4847 quid·

172 4876 333 4946 pieniseru
342 4875 488 4929 mutarn.
498 4873 598 4940 Quibus
610 4889 695 4928 cuma
708 4872 833 4927 Patribus
842 4873 1029 4944 praecipueque
1042 4872 1188 4927 beatissimo
1197 4871 1343 4941 daqustino
1362 4872 1592 4942 competentissime
1607 4870 1801 4927 obundomissi·

171 4984 268 5041 nseqse
288 4983 441 5041 eqourum
459 4967 556 5037 luent,
577 4982 739 5037 nequaquam
752 4980 792 5020 me
806 4967 1025 5035 praesumptionis
1038 4967 1114 5036 apiis
1126 4966 1263 5022 lectoribus
1273 4966 1372 5021 credidi
1382 4967 1603 5034 iudicandusnni
1622 4966 1674 5022 tuis
1693 4967 1800 5023 moniis

171 5067 290 5122 distante
300 5066 398 5136 pistum
410 5064 518 5119 libenter
532 5063 683 5133 obsequens,
699 5062 808 5131 offeram
820 5077 867 5130 pra
888 5061 934 5115 cili
942 5062 1060 5131 portione
1072 5063 1099 5116 in
1112 5063 1225 5117 donario
1234 5061 1397 5117 tabernaculi
1410 5061 1518 5118 Domini
1538 5061 1599 5128 mei,
1610 5078 1677 5134 quoe
1689 5063 1800 5132 possim,

170 5157 322 5230 relinquens
331 5157 474 5228 potioribus
486 5173 517 5210 oc
527 5155 697 5218 doctioribus,
707 5170 823 5223 quaeque
836 5153 929 5208 melius
944 5154 1100 5210 soluerintet
1109 5156 1234 5211 uoluermt
1245 5156 1389 5225 offerenda.
1403 5155 1459 5211 Nec
1470 5173 1556 5227 passe,
1571 5165 1599 5210 ut
1609 5157 1646 5210 ait
1659 5153 1690 5211 S.
1703 5153 1800 5210 iliaco·

170 5270 278 5326 numus,
288 5253 399 5309 alterius
411 5267 470 5322 apes
481 5251 590 5306 alterius
603 5258 755 5320 paupertate
767 5249 879 5317 foedari.
894 5248 992 5305 l'idens
1003 5252 1084 5320 iqitur
1093 5252 1120 5304 in
1131 5252 1187 5320 ejus
1198 5252 1295 5321 qratia,
1306 5268 1357 5321 qua
1369 5252 1561 5321 praevenimur,
1569 5258 1597 5302 ut
1607 5246 1670 5302 bene
1680 5245 1798 5312 tulimus,

170 5342 515 5418 submurmurantium
524 5346 640 5410 uelimus,
653 5343 774 5399 resolutis
785 5343 894 5397 Patrurn
907 5347 1027 5400 consonis
1036 5347 1173 5415 peronrnia
1182 5345 1295 5415 popinis,
1305 5347 1367 5416 quid
1374 5347 1576 5418 quisqueeorum
1587 5341 1698 5396 antidoti
1708 5348 1799 5396 contra

170 5445 265 5502 eodem
274 5460 373 5500 aenne
384 5444 532 5514 coniecerit,
540 5443 675 5514 decerpere
688 5440 799 5510 fideliter
809 5439 908 5501 curaui,
922 5440 1038 5508 praefica
1050 5440 1176 5509 cujusque
1185 5440 1298 5494 doctoris
1309 5441 1421 5505 nominc,
1435 5438 1550 5509 libroque
1560 5436 1658 5506 pariter
1668 5434 1798 5490 intimato.

177 5536 263 5592 Verba
276 5552 379 5609 quoque
390 5538 505 5608 ejusdem
516 5537 636 5603 loannis,
653 5547 681 5590 ut
700 5535 732 5590 ab
748 5551 777 5589 co
792 5533 892 5602 diqesto
908 5542 981 5596 sunt,
1000 5531 1117 5602 pluribus
1136 5532 1200 5587 lacis
1214 5534 1329 5600 inserui,
1342 5533 1490 5605 praeposito
1505 5533 1582 5585 etiarn
1603 5529 1705 5584 numine
1717 5527 1798 5598 ipsius

170 5649 234 5688 cum
244 5632 414 5702 praecedente
425 5632 490 5686 illud
502 5642 578 5698 nata,
599 5648 666 5702 quac
674 5647 764 5702 qaaere
777 5628 874 5683 dicitur
888 5628 963 5691 θῆτα,
974 5642 1053 5698 mam
1065 5628 1197 5683 sententiis
1212 5627 1365 5695 capitalibus
1387 5626 1597 5680 damnandorum
1619 5621 1701 5692 aliqui
1720 5635 1798 5690 pros·

172 5731 289 5786 scribere
311 5704 438 5783 salebim.
463 5726 600 5785 simultis
621 5728 690 5787 enim
713 5742 764 5782 non
782 5724 860 5780 uerba
874 5721 931 5792 ejus
955 5723 1112 5788 interposui,
1132 5739 1199 5792 quae
1218 5720 1374 5790 loquacitate
1396 5721 1477 5775 nlntio
1497 5718 1639 5789 leqentibus
1661 5715 1798 5786 fastidium
