3984 6534
187 423 256 482 imi
789 421 967 479 EPiSTOLAE
987 420 1032 477 ET
1052 422 1221 483 oberrem.
1745 426 1816 487 lbos

181 549 302 597 vestram
326 538 354 595 ιιι
377 539 487 598 cbristo
507 541 577 599 bene
603 540 705 599 valere.
730 540 825 598 batur
845 538 979 595 ilarieudas
991 542 1017 602 Α
1030 554 1084 596 non
1099 543 1216 609 terioris,
1230 557 1363 615 praecave.
1376 545 1445 615 erin
1456 559 1544 619 neque
1559 556 1598 616 ιιι,
1613 551 1659 622 qut
1672 552 1776 612 bonore
1788 565 1816 612 et

180 629 258 698 tulit,
273 630 420 695 indictione
434 647 476 689 ru.
1027 631 1160 703 dignitate
1175 638 1280 692 cacteris
1294 638 1364 694 iliius
1384 641 1459 711 regui
1476 643 1610 715 episcopis
1621 659 1650 702 es
1662 646 1815 716 sublimior,

530 722 626 780 xxvl·
1027 724 1141 783 silentiis
1154 729 1269 799 opprimi
1296 731 1399 787 debes:
1419 749 1518 805 noque,
1544 738 1566 793 si
1589 755 1644 795 uon
1664 740 1720 812 regi
1734 754 1816 811 prave

254 850 289 893 ao
302 850 460 895 ιιιιιιιιιιηι
477 852 705 896 mmmmm
728 852 898 895 „mm-sm
1026 817 1116 886 agenti
1131 820 1274 886 restiteris,
1285 836 1378 878 coram
1393 824 1471 881 uobis
1480 828 1644 886 excusabilis
1660 831 1763 903 poteris
1774 832 1816 887 in-

482 952 572 1027 (Αῃῃο
589 952 665 1026 870.)
1025 911 1123 965 veniri.
1143 911 1222 967 irione
1238 913 1321 984 igitur
1342 930 1404 971 eum
1416 925 1444 971 ut
1461 932 1491 973 se
1505 921 1633 993 corrigat,
1650 937 1817 996 regnumque

259 1065 266 1079 ι
325 1065 330 1076 Ι
581 1064 587 1082 ν
902 1068 907 1079 Ι
1026 1004 1161 1074 quondam
1188 1005 1309 1063 botbarii
1336 1008 1517 1080 imperatoris,
1540 1017 1612 1084 quod
1631 1017 1664 1072 ad
1685 1034 1746 1074 eum
1761 1035 1815 1078 non

180 1062 469 1206 Λῒξιῆιὲιῆῖιὲιιιξὲιὲζῧπ
480 1065 691 1193 {gadrgglolcw‘
705 1085 822 1192 ''ms“
836 1085 906 1138 'iim
923 1065 975 1121 ιθ·
1026 1099 1154 1169 pertinet,
1171 1100 1297 1157 irrvudcrc
1310 1101 1366 1172 jam
1382 1102 1579 1162 desistendum
1597 1123 1672 1174 vcro,
1688 1111 1749 1167 siin
1766 1112 1815 1168 ob-

685 1178 692 1200 ,
803 1155 852 1209 quc
873 1148 974 1208 aposto·

218 1205 277 1260 tici,
287 1220 338 1259 Μ
352 1206 524 1272 “empnam
544 1203 678 1262 floream?
690 1216 718 1261 ,ιι
731 1223 815 1278 sepem
826 1208 858 1261 ap
870 1224 900 1262 ω
913 1223 975 1261 con·
1026 1191 1180 1248 stinationis
1193 1210 1249 1249 sum
1266 1195 1379 1265 perilrliu
1404 1206 1465 1269 post
1479 1206 1596 1254 vestram
1610 1204 1815 1260 conventionem

216 1275 279 1331 ‘5¹5⁰
291 1275 431 1342 ‘¹⁶⁸⁶'le
443 1285 468 1330 ιι
486 1276 553 1338 ult'vt
564 1277 662 1349 legatos
673 1294 704 1333 ea
714 1278 747 1332 de
759 1292 839 1334 ceusu
848 1278 975 1333 rttlssosei
1024 1282 1172 1350 persistere
1186 1282 1322 1348 revaluerit,
1339 1301 1419 1355 quarn
1440 1285 1518 1356 juxta
1531 1296 1622 1345 nostru
1638 1293 1739 1348 mouita
1751 1296 1817 1351 resi-

216 1345 393 1403 ⁶⁰'¹⁸'”⁶'¹‘¹⁰¹·
978 1419 982 1425 .
1024 1374 1138 1443 piscere,
1152 1377 1186 1431 ab
1204 1376 1274 1432 iilius
1287 1393 1336 1435 vos
1357 1382 1548 1439 communione
1570 1392 1652 1454 atque
1676 1388 1816 1445 consortio

215 1456 356 1514 Annianus
369 1456 525 1528 episeopus,
553 1471 649 1515 servus
668 1474 809 1516 servorum
825 1459 882 1524 bet,
895 1474 974 1516 rere·
1025 1472 1206 1533 sequestrate,
1231 1476 1259 1523 ct
1282 1471 1428 1527 seeundum
1449 1473 1617 1545 Apostolum,
1640 1491 1691 1533 nec
1715 1478 1771 1536 Ave
1791 1481 1815 1536 ci

179 1548 339 1605 rsrrtissimo
350 1558 377 1605 et
393 1550 567 1606 sanctissimo
579 1552 710 1610 conlrstri
721 1561 817 1610 nostro
830 1552 973 1610 limcusno
1025 1554 1146 1612 dieentes
1160 1556 1203 1630 (il
1216 1558 1296 1614 loon.
1309 1562 1349 1628 rt,
1364 1561 1387 1616 si
1406 1573 1505 1620 nostra
1519 1566 1720 1626 communionis
1734 1570 1816 1630 vultis

178 1641 554 1714 ilbemensiarelriepiseopo.
1024 1659 1085 1702 esse
1108 1648 1266 1720 participes,
1291 1655 1463 1723 praesentiam
1485 1653 1544 1726 ejus
1572 1659 1660 1716 modis
1689 1663 1817 1721 omnibus

173 1782 180 1789 .
216 1732 452 1791 sibeneiieiorum
464 1733 655 1803 iiomini,qure
672 1735 744 1791 sedis
759 1735 915 1806 apostolice
929 1737 972 1792 ln·
1025 1737 1153 1795 devitate.
1170 1741 1237 1797 Nam
1263 1750 1292 1799 et
1314 1760 1364 1802 nos
1389 1746 1428 1802 ita
1445 1748 1658 1822 untusuqasque
1681 1750 1816 1820 justitiam

175 1825 280 1884 stantia
300 1832 463 1886 consecutus
485 1841 525 1891 cs,
550 1841 655 1883 mernor
675 1841 771 1895 esses;
791 1839 839 1883 aut
853 1828 875 1884 si
890 1829 926 1883 ita
940 1829 973 1885 de
1025 1827 1150 1907 volumus
1164 1837 1192 1887 ct
1204 1833 1383 1904 exquirimus,
1403 1844 1434 1893 ιιι
1448 1838 1470 1894 si
1486 1839 1557 1896 idem
1573 1856 1621 1897 rex
1639 1844 1741 1899 uostris
1752 1860 1818 1914 apo-

176 1917 307 1991 preximi,
324 1917 397 1974 sieut
410 1917 444 1974 de
458 1918 586 1990 propriis,
606 1919 714 1976 casibus
726 1919 803 1988 juxta
816 1921 889 1992 quod
905 1920 971 1978 seri·
986 1897 1010 1959 B
1024 1921 1127 1978 stolicis
1152 1925 1411 1997 exhortationibus,
1436 1930 1645 2007 salubribusque
1669 1938 1814 2009 preceptis

175 2018 254 2084 ptum
267 2017 311 2068 est
323 2010 493 2077 condoleres,
508 2009 632 2081 proiecto
645 2019 692 2066 aut
713 2027 791 2067 amor
806 2012 864 2079 liei,
881 2020 928 2068 aut
941 2013 972 2068 tl·
1023 2029 1087 2069 mor
1100 2017 1233 2086 susceptis
1250 2017 1295 2074 his
1314 2018 1413 2077 litteris
1434 2036 1488 2078 non
1506 2022 1651 2091 obedierit,
1663 2033 1691 2080 ct
1705 2040 1720 2080 a
1733 2027 1817 2084 tantis

176 2115 241 2159 mor
254 2101 395 2173 gehenne,
415 2101 449 2158 ad
464 2101 609 2173 pastoralis
623 2116 696 2158 curae
715 2101 896 2159 ministerium
906 2117 971 2174 per·
1024 2107 1174 2177 tyrannicis
1188 2108 1354 2167 lectionibus
1379 2128 1432 2171 non
1457 2114 1645 2184 declinaverit,
1671 2116 1817 2187 adjuvante

176 2194 317 2268 agendum
337 2208 352 2249 a
375 2208 472 2253 somno
484 2194 594 2250 desidiae
608 2193 752 2260 excitaret,
767 2201 796 2249 et
816 2194 851 2249 ud
865 2208 972 2250 annun·
1023 2194 1089 2262 beo,
1103 2213 1154 2252 nee
1168 2212 1254 2265 mors,
1270 2201 1398 2257 continuo
1418 2201 1471 2258 iter
1494 2212 1617 2261 nostrum
1632 2212 1741 2263 nostros
1751 2207 1817 2264 suit·

177 2286 300 2347 tiandum
323 2286 416 2358 iniquo
449 2287 622 2357 iniquitatem
643 2302 728 2346 suam
756 2286 799 2343 rol
834 2288 972 2344 modicum
1023 2297 1152 2358 sequetur
1177 2290 1291 2363 legatos,
1313 2301 1340 2349 et
1360 2293 1492 2366 quidquid
1515 2295 1549 2353 de
1569 2292 1666 2354 uttbus
1680 2299 1817 2371 tantisque

176 2379 319 2439 invitaret.
332 2377 387 2437 Sed
397 2388 427 2435 ut
439 2377 468 2436 iu
481 2378 574 2434 multis
586 2380 734 2440 ceruimus,
745 2378 859 2435 etoerdo
874 2379 973 2436 ruentis
1022 2380 1101 2446 viris,
1118 2381 1202 2438 licum
1228 2396 1279 2454 per
1295 2399 1345 2442 nos
1358 2386 1470 2442 omnino
1490 2388 1691 2459 spernentibus,
1708 2395 1817 2462 oportet

175 2479 279 2528 noetrsa
292 2469 477 2541 conspicimus
490 2509 498 2536 ,
513 2469 672 2526 abundante
685 2468 842 2539 iniquitate,
856 2477 883 2524 et
901 2469 972 2525 mul·
1022 2486 1164 2544 persgcre,
1180 2475 1362 2544 preveniente
1380 2476 1468 2549 gratia
1489 2477 1577 2535 saneti
1599 2478 1729 2550 Spiritus,
1741 2494 1813 2552 pre-

176 2569 270 2619 torurn
283 2560 418 2619 murium
441 2558 630 2631 refrigerante,
652 2560 704 2632 ipsi
726 2568 851 2630 pastores
865 2576 972 2618 merce-
1022 2560 1176 2618 sentialiter
1199 2579 1372 2636 peragemus,
1388 2565 1464 2624 nulio
1484 2574 1574 2640 pacto,
1591 2568 1817 2642 nulloqueretra-

175 2652 432 2713 meorumnam
458 2661 620 2724 sequautur,
639 2653 686 2723 qui
705 2653 801 2709 vident
817 2651 910 2722 lupum
924 2668 972 2708 ve·
1023 2651 1152 2708 stationis
1162 2653 1366 2725 impedimento,
1385 2656 1449 2713 talia
1462 2658 1522 2715 sine
1533 2659 1635 2716 uitione
1649 2661 1729 2735 digna
1744 2679 1815 2737 prar-

177 2743 312 2810 uientern,
333 2751 362 2800 et
382 2743 523 2801 dimittunt
547 2758 629 2810 oves,
654 2752 683 2800 et
704 2741 820 2815 lugiunt
845 2741 970 2798 Primam
1023 2742 1213 2800 termittentes.
1229 2745 1372 2804 Postremo
1387 2764 1551 2823 magnopere
1571 2767 1777 2812 commonemus
1787 2764 1817 2812 ut

176 2847 271 2897 tamea
285 2837 426 2896 reminisci
445 2838 538 2904 debes,
563 2840 586 2896 si
609 2854 730 2909 unquam
744 2838 902 2910 apostolicis
912 2838 974 2909 epi·
1022 2832 1073 2890 lios
1088 2834 1354 2905 apostolatnsnostri
1375 2840 1526 2913 precipuos
1550 2843 1659 2911 missos,
1683 2842 1817 2903 ioannem

176 2928 819 3002 stolisnonrescriptumsit,etconvenientibus
833 2931 973 3002 responsis
1021 2925 1157 2995 videlicet,
1174 2935 1255 3001 ‘litte
1278 2930 1409 3000 Pelium.
1436 2948 1483 2990 ⁵0¹¹
1500 2933 1675 3005 Wibb0d¹¹¹¹b
1691 2947 1719 2994 et
1732 2935 1815 2995 1⁰³¹·-

175 3022 212 3081 de
226 3023 342 3097 negotiis
359 3024 432 3083 unde
446 3025 600 3099 agebatur,
621 3024 777 3097 apostolice
797 3026 856 3081 sedi
875 3025 972 3082 remis-
1021 3033 1094 3082 nern.
1106 3023 1269 3080 reverendos
1278 3025 1429 3098 episcopos,
1441 3041 1493 3083 nee
1508 3043 1563 3084 uon
1578 3037 1607 3086 et
1620 3029 1732 3087 Petrum
1747 3029 1814 3088 reli-

174 3115 351 3174 ramesiensi
365 3122 441 3174 tuam
452 3116 970 3188 reverentiampronostroeontemptn
1020 3109 1125 3183 giosutn
1148 3113 1338 3186 presbyterum
1363 3115 1484 3174 cardinis
1507 3120 1602 3186 nostri,
1630 3120 1813 3195 dilectumque

174 3206 275 3267 ie'eitse
296 3209 405 3281 penitus
427 3216 547 3276 constat,
566 3211 675 3281 qusndo
691 3225 778 3283 nuper
792 3224 841 3282 per
861 3217 970 3266 nostros
1021 3212 1143 3259 nostrum
1158 3204 1331 3276 familiarem,
1347 3225 1397 3281 pro
1415 3211 1568 3287 principum
1580 3212 1765 3287 apostolorum
1778 3214 1814 3271 ab

175 3299 277 3356 missos
292 3299 319 3355 ln
332 3297 485 3359 Galliarum
497 3308 590 3371 partes
600 3299 729 3371 epistolas
751 3309 807 3355 tam
823 3301 872 3356 tibi
886 3315 969 3372 quam
1023 3299 1148 3355 erunibus
1166 3300 1334 3371 praeierenda
1361 3306 1513 3363 reverentia
1534 3317 1561 3364 et
1575 3322 1678 3375 amore,
1702 3307 1817 3380 benigne

176 3392 242 3448 eliis
255 3392 462 3460 Quaerimus,
478 3401 506 3449 et
522 3393 626 3449 nullum
639 3393 704 3450 inde
716 3408 878 3466 responsum
893 3409 972 3451 rece-
1021 3391 1166 3462 suscipiere,
1174 3399 1203 3448 ei
1213 3401 1332 3465 ulpoiett
1343 3397 1418 3452 lania
1431 3400 1494 3454 serie
1506 3397 1652 3470 digressos
1665 3398 1816 3456 honorilice

176 3480 278 3557 pintus.
290 3480 344 3542 Sed
355 3485 419 3556 quis
429 3485 464 3544 de
474 3485 517 3541 itis
530 3484 585 3542 alio
595 3484 656 3542 loeo
665 3484 810 3542 dicendum
820 3495 872 3553 est,
885 3493 972 3544 restat
1022 3492 1147 3554 receptos
1160 3484 1252 3561 colas,
1258 3483 1327 3557 ipsis
1340 3489 1413 3544 enirn
1433 3504 1494 3561 quse
1514 3491 1613 3562 pagina
1627 3490 1748 3558 reticuit,
1766 3490 1814 3546 tibi

179 3584 212 3634 ut
224 3575 259 3633 de
274 3575 328 3633 tuis
341 3577 448 3637 ιοιιιιιιι
459 3592 509 3649 per
517 3577 709 3648 iustitiamex
720 3578 853 3635 charitate
867 3587 970 3645 tamen,
1023 3574 1137 3631 dicenda
1160 3575 1338 3648 iniunximus.
1363 3578 1398 3635 Et
1420 3579 1481 3637 ideo
1500 3580 1632 3653 quidquid
1653 3580 1816 3638 verbotenus

178 3667 383 3739 reprehendero
395 3682 450 3725 una
469 3667 637 3725 omittamus.
656 3668 722 3737 Quis
736 3667 819 3740 igitur
834 3670 931 3727 meiius
945 3677 972 3728 te
1023 3666 1206 3736 exposuerint,
1231 3669 1290 3725 sine
1312 3668 1441 3741 scrupulo
1461 3685 1573 3741 prorsus
1597 3669 1720 3736 admitte,
1736 3675 1764 3724 et
1783 3677 1813 3724 ut

175 3759 263 3826 novit,
277 3757 350 3832 quod
373 3758 422 3817 iiiii
436 3760 576 3832 quondam
588 3759 720 3817 Ludorici
742 3761 927 3831 imperatoris,
942 3761 971 3816 in
1022 3753 1144 3812 efficaces
1161 3757 1196 3812 ad
1214 3772 1263 3812 nos
1278 3758 1378 3813 reverti
1405 3754 1523 3823 valeant·
1543 3758 1708 3814 multimodis
1719 3755 1811 3830 Vitili-

174 3867 262 3911 upum
284 3853 479 3912 convenientes
509 3868 621 3925 regnum
648 3854 720 3909 inter
746 3869 775 3909 se
799 3853 970 3924 diviserunt,
1023 3845 1154 3915 Opiitttitts
1176 3847 1347 3902 sanciiiuiem
1365 3857 1439 3903 ittam
1465 3847 1492 3902 ιιι
1506 3847 1615 3904 Christo
1630 3847 1812 3905 benevaiere.

170 3937 475 4015 inreqneiurandosibi
489 3943 608 4001 invicem
632 3943 825 4013 promiserunt,
838 3953 868 3997 ut
881 3943 973 4002 nullus
1023 3935 1092 3993 Data
1102 3953 1118 3995 v
1128 3937 1263 3995 Kalendas
1274 3936 1349 4006 iulii,
1365 3938 1512 3996 indictione
1524 3956 1565 3996 ru.
1629 3948 1631 3952 ’

173 4048 273 4095 eurum
299 4051 413 4108 regnunt
436 4035 551 4094 alterius
574 4036 670 4094 iratris
686 4037 738 4094 sibi
755 4046 911 4109 usurparet,
926 4046 973 4095 aut
1369 4050 1476 4110 χχιιι,

174 4128 289 4188 omnim
298 4129 477 4201 pervaderet?
489 4137 518 4186 et
533 4138 597 4185 tune
611 4128 725 4186 Carolus
735 4145 795 4197 rer,
812 4144 971 4187 sacramen·
1164 4158 1199 4200 ,ῃ
1219 4151 1355 4204 ιηωςῃιι
1377 4161 1456 4203 mg,
1470 4160 1566 4202 eppo„
1587 4161 1675 4203 0,qu,

177 4217 215 4277 tis
232 4217 285 4277 iliis
297 4220 471 4291 contemptis,
491 4234 614 4292 reguum,
638 4220 720 4291 quod,
739 4219 869 4276 bntbario
885 4221 973 4291 impe·

176 4315 271 4371 miore
280 4308 419 4377 defuneto,
431 4310 542 4368 domino
553 4311 730 4368 serenissimo
742 4310 900 4383 imperatori
914 4312 973 4369 tilio
1315 4256 1418 4390 ,(Αῃῖἱο
1437 4259 1512 4333 m)
1598 4374 1606 4389 ι

175 4399 239 4472 dus
249 4401 373 4469 debetur,
389 4403 503 4470 inussit,
517 4412 546 4461 et
564 4403 646 4460 iidem
660 4403 779 4461 debitam
793 4405 915 4461 violavit.
930 4405 971 4460 Tu
1127 4374 1230 4434 M‘m
1239 4393 1299 4448 Μ
1312 4395 1341 4432 ”¹
1350 4376 1502 4450 ‘ww
1513 4375 1550 4433 “d
1563 4389 1706 4447 ‘mm

175 4510 256 4564 rero,
269 4496 332 4567 quis
358 4496 467 4562 siluisti,
482 4504 510 4554 et
521 4507 617 4555 eontra
630 4497 685 4553 tale
698 4496 804 4554 iaeinus
819 4498 915 4555 saltem
929 4497 970 4552 ie·
1057 4493 1197 4550 dustanus
1213 4491 1369 4565 episeopus,
1385 4508 1480 4549 servus
1495 4506 1635 4549 servorum
1649 4489 1708 4558 liei,
1723 4489 1815 4548 omni·

174 4580 249 4645 ries
260 4585 507 4654 nouinsurrexlsti,
519 4602 573 4645 non
586 4586 673 4644 solum
686 4603 808 4656 consors,
817 4591 864 4646 sed
876 4591 970 4659 etiam,
985 4586 1073 4679 „bos
1088 4585 1262 4656 optimatibus
1273 4585 1349 4656 regni
1364 4583 1452 4641 Caroii
1464 4583 1573 4656 gloriosi
1588 4580 1672 4654 regis.
1814 4586 1820 4591 '

175 4675 253 4748 qvod
261 4683 306 4735 est
315 4677 445 4744 deterius,
458 4675 539 4746 hujus
551 4677 703 4750 tymnnidis
715 4687 811 4733 auctor
820 4680 964 4736 essevide
1058 4677 1150 4748 Nuper
1172 4673 1340 4748 apostolatus
1364 4676 1449 4731 nostri
1478 4673 1569 4730 missis
1589 4681 1672 4744 atque
1695 4670 1817 4743 epistolis

176 4768 229 4825 ris.
243 4767 280 4827 Et
292 4768 364 4835 ideo,
381 4784 417 4826 ne
425 4778 453 4827 et
465 4769 567 4841 nosipsi
580 4784 630 4841 pro
650 4770 845 4826 taciturnitatis
860 4769 970 4827 silentio
1023 4770 1205 4825 reverentiam
1224 4780 1344 4823 vestram
1359 4765 1508 4822 salutiieris
1521 4762 1768 4829 exhortationibus,
1785 4770 1816 4819 ut

175 4858 251 4932 apud
263 4859 350 4916 Deum
363 4859 527 4918 redditorem
541 4861 688 4932 unicuique
700 4861 779 4929 juxta
797 4875 866 4931 opus
877 4877 969 4929 suum,
1022 4857 1224 4929 vobismetipsis
1236 4856 1414 4913 consideretis
1432 4855 1597 4919 monuimus,
1611 4864 1639 4911 et
1647 4853 1727 4926 insta
1741 4854 1815 4923 quod

176 4949 408 5022 reprehensibiles
429 4967 491 5010 esse
514 4953 664 5018 videamur,
686 4951 842 5023 apostolicis
855 4968 968 5010 somno·
1022 4964 1072 5006 vos
1086 4950 1216 5020 oportuit,
1227 4947 1400 5018 paternitatis
1415 4946 1512 5004 :ztlcctu
1533 4963 1585 5000 uon
1606 4945 1814 5002 immeritoeor·

175 5042 291 5101 letitiam
313 5051 433 5102 restrarn
458 5045 610 5101 excitamus
627 5044 762 5107 allatibus,
783 5053 811 5100 et
830 5045 875 5115 qui
887 5045 970 5101 aliter
1025 5040 1167 5111 ripuimus.
1189 5039 1243 5095 Sed
1269 5047 1373 5095 mutum
1400 5037 1547 5110 apostoliea
1566 5036 1669 5092 monita
1691 5043 1815 5092 contem-

178 5150 236 5193 non
252 5133 400 5202 debemus,
415 5145 446 5192 ut
459 5136 494 5192 ad
509 5144 535 5192 te
550 5137 694 5192 revertaris
714 5135 896 5207 precipimus.
918 5136 975 5193 lle·
1025 5135 1126 5204 pestis,
1149 5142 1280 5205 quantum
1303 5146 1354 5188 nee
1368 5131 1470 5187 nostris
1487 5128 1610 5200 epistolis
1626 5125 1813 5198 respondistis,

177 5231 273 5281 mento
286 5223 359 5295 quod
373 5223 505 5283 Dumium
522 5225 590 5283 tales
608 5241 657 5296 per
671 5226 834 5297 prophetam
849 5226 974 5298 increpet
1026 5241 1078 5282 nee
1088 5242 1180 5297 regern
1194 5233 1316 5280 restrum
1327 5220 1452 5278 Carnium
1463 5233 1545 5293 grave
1554 5217 1660 5272 lacinus
1675 5217 1815 5271 incurren-

178 5314 296 5375 dieas:
311 5315 374 5373 Nos
393 5316 549 5373 merediana
570 5332 604 5372 cs
617 5315 736 5381 adverso,
750 5331 833 5385 neque
847 5317 971 5385 opposui·
1026 5328 1081 5373 tem
1095 5315 1189 5387 procui
1206 5315 1289 5370 dnbio
1310 5312 1446 5369 doluistis.
1471 5312 1513 5365 An
1538 5324 1592 5365 non
1621 5320 1704 5378 grave
1727 5304 1816 5361 scelus

178 5410 408 5484 nemausen
422 5408 610 5475 domoimeei,
630 5417 658 5464 ιιι
681 5408 785 5464 staretis
802 5408 830 5461 ιἰι
842 5408 935 5477 prelio
944 5409 973 5463 ist
1025 5409 1152 5472 incurrit,
1165 5407 1284 5476 quando,
1298 5407 1368 5462 sieut
1386 5404 1464 5459 multi
1479 5411 1599 5458 restrum
1609 5405 1755 5466 noverunt,
1770 5398 1813 5456 sui

181 5502 227 5563 dis
240 5501 469 5577 obstetisset.
484 5501 559 5574 siit).
574 5500 706 5569 Quoeirea
724 5508 756 5556 ut
773 5501 808 5556 ab
830 5499 973 5557 invasione
1023 5499 1135 5565 obiitus,
1151 5497 1350 5569 iusiurandum,
1372 5493 1445 5564 qnod
1460 5491 1525 5548 oiim
1540 5506 1602 5549 eum
1616 5490 1746 5549 iratribus
1756 5490 1815 5549 suis

180 5597 261 5669 regni
283 5596 415 5670 spritalia
436 5596 487 5653 iiiii
509 5595 596 5653 nostri
615 5594 746 5652 budovioi
765 5592 897 5664 principis
922 5607 972 5648 rex
1023 5593 1135 5664 pepigit,
1151 5603 1204 5659 quo
1229 5586 1431 5644 tremoiiiorum
1455 5598 1568 5656 regnum
1590 5582 1682 5640 iratria
1700 5583 1815 5640 alterius

180 5700 274 5749 vester
293 5691 351 5763 iarn
370 5691 451 5749 tertio
468 5690 586 5746 monitus
608 5687 703 5759 procul
720 5686 840 5749 recedat,
859 5684 970 5750 insiste;
1024 5685 1165 5739 invaderet
1185 5678 1227 5734 rei
1253 5683 1408 5748 risurparet,
1429 5685 1459 5732 ut
1475 5674 1678 5732 evidentissime
1693 5673 1815 5745 pateiae·

182 5782 344 5853 etamplius
367 5780 516 5852 periurium
534 5797 589 5837 uon
607 5780 738 5841 incurrat,
763 5776 973 5848 invigilantia
1025 5784 1081 5829 turn
1107 5778 1157 5836 est,
1185 5782 1296 5840 reguum
1323 5766 1461 5836 quondam
1484 5765 1606 5821 Lotlrnrii
1632 5764 1814 5836 imperatoris,

181 5890 235 5949 pro
250 5883 324 5932 retro
348 5874 434 5946 euripis
454 5874 570 5947 peractis
583 5871 751 5947 apostolatus
769 5870 854 5927 nostri
873 5867 973 5938 jstcutis
1025 5865 1098 5939 quod
1120 5863 1183 5934 juro
1208 5862 1271 5920 divo
1296 5860 1455 5932 imperatori
1478 5859 1578 5919 domm
1604 5856 1741 5918 baderico
1761 5857 1817 5914 tito
