3984 6534
64 428 124 487 tas
495 420 1243 493 nsnrustounnardaus-mnanmtnus.
1635 443 1689 506 tra

64 542 205 614 propriam
221 544 311 599 sedern
331 544 445 613 obtinet,
462 549 515 605 nisi
538 551 564 605 in
584 552 676 623 tiguris
692 562 720 608 et
739 552 852 623 superd-
866 558 891 614 Α
904 553 964 620 quis
978 552 1010 607 de
1025 554 1116 607 aninlo
1133 551 1194 608 talia
1209 553 1316 619 dixerit,
1333 555 1370 610 nil
1381 556 1452 614 alind
1465 559 1598 616 ridebitur
1613 560 1690 619 intel·

63 633 172 696 ciebas,
190 631 248 687 sire
270 632 296 686 in
311 636 477 693 naturalibus
491 641 659 710 corporibus,
681 657 727 698 seu
742 644 769 696 in
791 656 855 713 geo·
903 642 996 714 ligere,
1008 644 1059 699 nisi
1070 644 1140 714 qnod
1154 653 1200 699 aut
1210 644 1297 700 adbuc
1308 647 1336 701 iu
1349 648 1519 717 passionibus
1530 651 1688 707 delictorum

63 721 199 785 metricis,
213 730 244 774 nt
254 731 316 777 sunt
327 724 432 795 planae,
448 729 604 799 triangulae,
615 732 773 801 quadratae,
787 732 853 786 mul·
899 730 998 799 jaceat,
1009 743 1054 788 aut
1064 733 1261 804 quodammodo
1272 750 1319 790 eas
1330 736 1456 794 deserere
1467 749 1580 796 conetur
1596 743 1628 809 ¹¹,
1644 753 1691 800 aut

64 812 195 884 tigonae,
222 815 369 881 rotundae,
398 818 481 873 solida
503 821 584 875 etiam
608 822 635 877 in
657 823 809 893 superficie,
825 833 855 877 nt
888 820 1022 889 'perfecte
1032 822 1058 876 in
1072 823 1186 878 virtutes
1196 823 1325 893 erigatur.
1342 824 1415 882 base.
1431 827 1465 881 Et
1478 828 1530 885 hoe
1543 830 1575 885 ad
1587 831 1689 887 intelli·

64 913 133 960 sunt
143 903 250 970 cubica,
265 905 375 970 conica,
389 909 513 978 spherica
523 911 535 964 l
547 911 614 966 Nam
630 913 714 969 solida
729 928 851 982 corpora,
888 915 1017 982 ‘gendum
1042 929 1096 969 non
1111 916 1178 970 adeo
1199 914 1305 972 ditllcile
1326 916 1441 974 ridetur.
1468 919 1599 991 Sequere,
1619 938 1691 994 qnae

61 993 125 1048 sire
145 996 290 1062 naturalia,
311 995 368 1051 sire
386 1001 562 1067 geornetrica,
586 1013 714 1071 quantum
741 1004 854 1059 interius
902 1015 1016 1062 restant.
1032 1007 1101 1063 liae.
1119 1007 1233 1064 Habitus
1248 1018 1343 1076 restat,
1364 1020 1394 1065 nt
1409 1012 1531 1067 aestimo.
1544 1011 1595 1079 eut
1610 1029 1690 1085 aper-

62 1083 281 1152 eousiderantur,
304 1096 414 1155 propter
434 1089 484 1144 tria
499 1091 604 1161 spatia,
624 1091 651 1146 in
668 1092 765 1162 quibus
779 1103 851 1157 suan,
903 1097 1005 1152 tissime
1020 1098 1046 1151 in
1060 1099 1189 1154 virtutum
1204 1116 1250 1155 seu
1266 1101 1392 1156 vitiornrn
1407 1102 1490 1157 certis
1508 1104 1689 1172 possessioni·

61 1174 260 1247 longitudinem
279 1177 356 1242 dieo,
375 1178 543 1236 latitudinem
567 1191 594 1237 et
614 1184 622 1214 ¹
639 1183 807 1239 altitudinem
830 1190 851 1249 ¹,
902 1190 952 1243 bus
974 1189 1125 1259 inspicitur.
1155 1191 1248 1247 0nrnis
1273 1192 1345 1247 enirn
1370 1174 1524 1262 disciplina,
1551 1194 1602 1250 hoc
1627 1204 1688 1265 est,

61 1266 98 1322 ad
111 1267 289 1336 quantitatem
305 1269 473 1339 applicantur
487 1289 494 1325 ε
506 1273 567 1329 dum
581 1275 673 1329 vero¹
696 1275 852 1346 snprirtieies
902 1278 989 1333 onrrris
1008 1278 1174 1334 rationabilis
1200 1279 1281 1333 animi
1304 1287 1392 1334 motus
1414 1289 1460 1334 aut
1483 1282 1687 1350 irrationabilis,

62 1372 160 1414 eorum
191 1359 363 1430 perspicitur,
389 1362 512 1430 qualitati
543 1362 700 1435 iunguntur.
732 1366 798 1420 ltetn
823 1365 850 1419 in
902 1366 964 1420 drarn
980 1367 1012 1419 ad
1027 1377 1130 1422 eertum
1141 1376 1241 1423 statum
1251 1369 1415 1439 pervenerit,
1431 1371 1467 1424 ita
1484 1380 1514 1425 ut
1526 1371 1598 1427 nullo
1609 1374 1687 1430 modo

59 1447 146 1507 reb'us
176 1451 413 1522 incorporalibus,
445 1469 534 1509 nonne
566 1456 713 1512 mariarum
749 1456 853 1513 obtinet
901 1456 936 1511 ab
960 1471 992 1512 eo
1017 1457 1071 1511 ulla
1096 1459 1239 1514 occasione
1266 1460 1368 1515 nroveri
1393 1461 1488 1530 possit,
1512 1463 1559 1517 sed
1583 1477 1689 1534 semper

58 1541 169 1611 mcum,
187 1558 249 1599 cum
261 1559 357 1600 ornares
367 1545 534 1615 disciplinae,
550 1562 643 1604 ornnes
656 1549 778 1616 virtutes,
793 1549 851 1605 sire
901 1547 991 1601 aniuto
1004 1547 1148 1603 adhaereat
1167 1550 1198 1613 ¹¹,
1218 1558 1247 1603 nt
1259 1565 1340 1605 uuum
1353 1549 1379 1605 id
1399 1551 1540 1623 ipsumque
1553 1554 1578 1609 ei
1592 1570 1651 1609 esse
1666 1553 1688 1585 ¹¹

60 1635 238 1692 rationabiles
253 1636 319 1702 sint,
332 1651 381 1692 sen
404 1637 609 1701 irrationabiles,
627 1640 745 1695 nondum
761 1649 849 1696 tarnen
901 1636 1180 1702 videatur¹¹,lrabitns
1190 1639 1297 1695 dicitur.
1307 1641 1400 1711 seper
1412 1642 1557 1700 hoconrnis
1570 1643 1689 1715 perlecta

56 1725 95 1782 ati
108 1727 307 1783 immutabilem
318 1728 416 1782 mentis
426 1737 525 1783 statunr
538 1731 734 1800 pervenientes,
748 1733 780 1787 ad
790 1747 849 1787 earu
888 1726 987 1780 'rirrns
999 1728 1090 1782 animo
1102 1711 1490 1800 inseparabiliteffiiaer‘ens
1505 1750 1568 1789 tete
1578 1749 1610 1790 ac
1624 1751 1687 1806 pto·

57 1816 236 1873 retenentur?
263 1817 339 1873 base.
356 1818 499 1888 ingredere
523 1821 558 1875 ad
578 1836 704 1892 eaquae
728 1832 848 1887 restant,
901 1817 959 1886 title
977 1817 1086 1872 babitus
1107 1819 1268 1887 appellatur.
1291 1820 1414 1897 ijbdt„
1433 1824 1459 1877 in
1478 1824 1646 1894 volutilibus,
1661 1825 1687 1879 in

58 1907 133 1963 baec
146 1909 219 1963 enim
242 1907 323 1979 plane
345 1907 432 1971 rideo,
461 1910 548 1965 etsie
573 1925 601 1965 se
624 1911 722 1966 habere
747 1927 849 1967 assero.
866 1908 998 1976 liquibus
1009 1907 1046 1962 nil
1056 1907 1330 1965 stabilevideturesse
1345 1912 1432 1977 ¹¹,ant
1442 1913 1487 1967 ria
1496 1922 1542 1968 ant
1552 1929 1687 1982 rrunqnarn

61 1997 138 2053 ΜΔΕ,
154 1998 225 2054 num
236 2008 265 2055 gr
275 2015 320 2066 ω,
333 2015 405 2070 quae
426 2017 440 2054 a
455 2001 566 2057 Graecis
580 2003 678 2058 dicitur
698 2005 762 2079 πρὸς
781 2027 817 2070 τι,
832 2019 848 2059 a
900 1999 1007 2068 proprie
1018 1999 1126 2054 babitus
1140 1999 1161 2031 ¹¹
1175 2000 1320 2054 invenitur.
1337 2003 1412 2070 Quod
1427 2005 1499 2059 enirn
1513 2020 1620 2075 semper
1634 2023 1686 2061 non

61 2089 149 2144 nobis
164 2103 230 2145 rere
243 2089 277 2144 ad
289 2088 399 2160 aliqrrid,
413 2092 454 2145 rel
471 2091 576 2157 relatio,
592 2093 672 2148 alium
685 2092 772 2149 loeuru
785 2109 849 2164 pro·
875 2125 879 2133 ι
900 2086 1022 2152 habebnt,
1040 2089 1163 2156 quamvls
1177 2090 1210 2143 ad
1232 2101 1337 2160 ternpus
1353 2092 1446 2148 habeti
1463 2094 1595 2168 videatur,
1618 2096 1686 2151 aldi·

57 2180 123 2249 prie
138 2179 166 2234 in
179 2188 274 2235 natura
285 2195 374 2236 rerum
389 2184 516 2253 possidet,
532 2184 581 2238 nisi
594 2183 620 2238 in
632 2185 849 2254 proportionibus
899 2179 955 2232 slve
970 2179 1077 2233 bellidis
1096 2180 1250 2234 nominatur
1264 2181 1296 2235 Η·
1317 2181 1388 2237 ⁰¹⁸0·
1410 2181 1501 2239 'fende
1521 2185 1554 2238 ad
1576 2197 1684 2251 cetera;

55 2283 413 2338 rernmseunnmerorurn,
446 2273 526 2341 inque
546 2273 557 2304 ⁸
577 2275 721 2344 reciprocis
743 2290 845 2343 eornrra,
898 2268 1535 2342 boeenimverisimilecssenullus¹¹denegat.

54 2373 130 2429 quae
143 2359 178 2414 ad
192 2374 222 2415 se
237 2360 362 2416 inricenr.
374 2363 531 2432 respiciunt,
546 2365 766 2422 conversionibus
777 2368 848 2423 inse·
933 2361 978 2414 Ξῖ·
997 2360 1067 2416 MAG·
1087 2360 1176 2416 ¹³0⁰ssss
1203 2361 1336 2430 seqnitur,
1371 2361 1436 2430 qui,
1463 2371 1493 2415 ¹¹¹
1518 2361 1597 2430 lll¹¹¹0
1623 2373 1686 2417 ³¹¹¹¹⁸

54 2453 235 2523 parabilibns,
264 2455 302 2510 ita
327 2465 357 2511 ut
381 2458 401 2522 ¹,
424 2459 494 2527 quod
518 2475 600 2513 tanum
624 2459 731 2525 dieitur,
754 2476 806 2515 non
832 2477 847 2515 a
898 2457 1024 2520 diximus,
1040 2458 1065 2511 in
1079 2456 1280 2512 delinitionibus
1300 2472 1400 2521 reruni,
1421 2472 1489 2527 quac
1503 2456 1684 2527 destuiripos-

54 2547 160 2617 seipso,
174 2549 223 2604 sed
245 2548 281 2603 ab
301 2550 398 2616 altero,
421 2553 491 2620 quod
518 2553 545 2606 ei
558 2554 710 2622 opponitur,
726 2555 848 2625 accipere
898 2560 972 2614 sunt,
996 2551 1181 2606 constituitur.
1205 2548 1248 2603 tta
1267 2550 1338 2602 eninr
1364 2549 1436 2605 alind
1459 2557 1500 2604 est
1521 2550 1612 2613 locris,
1634 2549 1685 2603 nisi

57 2634 244 2708 iratetttgatnrt
266 2637 350 2709 Cujus
365 2640 541 2697 inconcussae
558 2644 691 2700 amicitiae
713 2646 848 2714 insepara-
898 2641 1025 2706 arnbitus,
1042 2655 1095 2709 qno
1111 2623 1319 2709 unumquemque
1336 2612 1417 2694 certis
1434 2640 1556 2695 terruinis
1576 2625 1684 2695 corr'c'lir-

55 2723 176 2797 bilisque
199 2729 314 2798 copulae
337 2732 458 2801 exempla
475 2742 538 2786 sunt
558 2732 720 2802 multiplices
741 2737 847 2791 numeri
900 2731 974 2787 ditur
992 2730 1024 2784 ¹¹.
1040 2730 1174 2784 Locorum
1195 2739 1283 2783 autem
1303 2729 1401 2784 multae
1421 2731 1525 2799 speeies
1548 2726 1626 2795 sinui
1648 2740 1687 2786 tot

53 2815 131 2872 inter
152 2817 315 2874 seinvicem
336 2822 464 2890 copulati,
490 2823 573 2891 dupli,
596 2825 680 2893 tripli,
694 2825 845 2896 quadrupli,

56 2913 198 2983 ceterique
216 2912 243 2968 id
266 2930 353 2983 genus
370 2916 397 2970 in
415 2914 563 2980 iradnituru3
583 2917 645 2971 item
660 2919 845 2986 particulares,

57 3007 91 3074 nt
110 3010 173 3056 sust
191 3002 387 3072 ‘sesqualteri
418 3006 594 3075 sesquitertii,
617 3008 797 3078 sesquiquarti
822 3010 843 3074 ⁷,

56 3091 196 3161 ceterique
208 3091 372 3161 hujusmodi.
388 3093 416 3147 ln
432 3094 529 3162 quibus
551 3095 675 3151 omnibus
688 3112 741 3151 non
760 3097 845 3151 solunr

897 2821 969 2876 enim
981 2821 1038 2875 loca
1051 2829 1124 2885 sunt,
1138 2829 1203 2890 quot
1217 2835 1271 2885 res,
1283 2835 1351 2888 quae
1366 2821 1550 2876 circumscribi
1562 2834 1684 2892 possunt,

896 2910 953 2965 sire
964 2909 1127 2979 corporales,
1143 2910 1199 2964 sire
1211 2908 1391 2977 incorporales
1405 2909 1468 2962 sint.
1489 2910 1570 2964 Verbi
1586 2910 1682 2980 gratia,

896 3007 1042 3068 eorpusest
1051 2998 1208 3068 compositio
1218 2980 1683 3067 quaedanrqnaunorelemeiu‘rffun

896 3088 1070 3159 qualitatibus
1084 3088 1118 3151 ¹¹,
1140 3088 1190 3142 snb
1204 3102 1257 3141 nna
1276 3086 1390 3155 quadarn
1409 3086 1498 3155 speeie
1515 3086 1683 3155 conglobata.

55 3178 157 3250 integri
170 3183 275 3236 numeri
298 3182 331 3237 ad
351 3183 510 3238 seinvicem
531 3185 677 3254 comparati
692 3199 759 3256 prop
779 3188 843 3241 rto.
896 3178 953 3234 idac
966 3180 1038 3234 enirn
1056 3177 1221 3245 delinitione,
1235 3177 1352 3248 generali
1366 3176 1481 3245 quadarn
1493 3175 1682 3247 descriptione,

55 3269 139 3325 nibus
149 3269 263 3327 dirersis
274 3271 386 3340 pollent,
406 3273 546 3328 sedetiam
566 3272 731 3345 singulorum
750 3291 843 3331 nunrc-
858 3248 880 3311 C
897 3273 986 3328 omnia
1018 3285 1150 3340 corpora,
1176 3283 1245 3339 qnae
1270 3269 1382 3322 numerio
1405 3267 1427 3298 ¹¹
1448 3282 1480 3321 ac
1507 3266 1594 3322 torma
1619 3284 1683 3323 con·

57 3373 153 3415 rorum
165 3369 257 3430 partes
269 3361 321 3417 sibi
335 3336 629 3433 indeminutae
641 3368 843 3443 proportionum
895 3363 1003 3428 sistunt,
1026 3358 1229 3415 correlnduntnr.
1248 3358 1313 3413 lteru
1339 3357 1450 3427 spiritns
1468 3365 1511 3411 est
1532 3364 1628 3411 uatnra
1643 3357 1684 3411 in·

55 3449 210 3506 redonibus
223 3450 440 3521 inseparabiliter
453 3453 620 3524 copulantur.
641 3454 844 3543 Etponsolunr
895 3465 1035 3522 corporea,
1059 3447 1145 3504 torma
1160 3462 1209 3518 per
1231 3462 1261 3503 se
1282 3457 1361 3516 atquc
1372 3446 1396 3476 ¹¹
1414 3446 1525 3500 materie
1536 3446 1560 3477 ¹¹
1575 3460 1681 3502 carens.

56 3541 113 3598 boe
136 3544 166 3598 in
179 3544 247 3614 ipsis
260 3545 384 3600 terminis
398 3561 585 3613 numerorum,
608 3550 796 3604 verumetiam
819 3551 845 3604 in
895 3543 988 3599 Onnris
1001 3540 1072 3595 eninr
1088 3539 1209 3610 spiritus,
1228 3538 1285 3593 sive
1299 3537 1466 3592 rationabilis
1479 3537 1535 3592 sire
1556 3535 1678 3592 intellec-

55 3635 278 3705 proportionibns
291 3637 503 3706 proportionum,
528 3651 595 3705 quas
608 3624 845 3710 arr'tffu'elim'pro-
896 3631 975 3686 tualis
989 3630 1035 3695 sit,
1054 3643 1102 3699 per
1120 3644 1148 3682 se
1171 3627 1259 3696 ipsum
1278 3626 1401 3681 informis
1421 3634 1472 3681 est.
1490 3624 1518 3680 Si
1532 3640 1596 3681 rere
1614 3640 1677 3679 con·

55 3725 276 3798 portionalitates
293 3728 437 3798 appadant,
456 3729 584 3798 reperies.
604 3729 675 3784 bisc.
700 3729 764 3786 titud
780 3746 846 3800 quo.
894 3735 989 3776 versus
999 3718 1079 3774 inerit
1093 3719 1127 3772 ad
1142 3731 1250 3772 cansam
1263 3731 1349 3779 snam,
1362 3716 1414 3770 boc
1428 3723 1484 3777 est,
1502 3715 1535 3768 ad
1550 3713 1680 3781 Verbum,

55 3830 111 3888 que
124 3830 181 3873 uon
191 3814 295 3888 ignoro.
315 3815 388 3872 Hace
400 3818 472 3873 euim
485 3817 583 3873 artium
597 3818 691 3888 peritis
704 3820 843 3876 norissima
894 3824 942 3881 per
955 3810 1026 3880 quod
1040 3808 1110 3863 lacta
1124 3818 1187 3862 sunt
1199 3806 1299 3870 otnnia,
1313 3814 1377 3859 tnnc
1389 3803 1530 3858 iornratnr.
1544 3802 1592 3857 Est
1593 3803 1684 3882 jgptur

55 3916 130 3965 rttttt.
894 3915 948 3955 una
968 3899 1053 3953 forrata
1072 3897 1192 3952 omniunt
1211 3896 1365 3965 spirituum,
1383 3892 1582 3947 rationabilium
1601 3905 1628 3946 et
1645 3893 1684 3947 in-

93 3995 165 4053 mo.
184 3996 256 4065 Quid
270 3999 302 4054 de
319 3998 371 4054 situ
389 3998 530 4054 dicendum
543 3999 604 4054 ese?
622 3998 715 4054 Nuntia
729 3999 756 4053 in
773 3999 845 4053 ordi.
896 3987 1105 4053 tedectnalinnr,
1135 3986 1182 4040 bei
1207 3984 1334 4039 Verbum.
1352 3984 1381 4038 Si
1405 3997 1468 4038 reto
1492 3981 1683 4038 irrationabilis

55 4088 138 4146 nibus
149 4103 241 4145 rerum
256 4090 434 4156 naturalibus,
458 4106 506 4146 sen
521 4090 706 4147 artitieialibus
719 4106 845 4161 corpora·
896 4080 1008 4151 spiritus
1020 4080 1066 4145 Sil»
1087 4075 1212 4134 simililer
1226 4075 1348 4130 ¹¹¹s⁰l¹¹¹ls
1363 4084 1403 4132 0⁵¹
1423 4089 1471 4145 bet
1485 4074 1612 4145 seipsum,
1626 4074 1682 4129 ior-

55 4178 123 4236 lium
137 4192 187 4235 seu
202 4180 385 4250 spiritualium
400 4182 589 4250 positionibus,
603 4183 740 4253 proprioru
755 4183 844 4237 toenia
896 4182 986 4228 rrratur
1011 4181 1101 4227 tamen
1128 4185 1217 4225 rerunt
1246 4167 1412 4222 sensibilium
1445 4166 1604 4236 phantasiis.
1635 4165 1684 4220 Est

53 4271 183 4329 obtinet?
205 4271 446 4337 dumenirndico,
469 4273 597 4341 primunr,
617 4274 775 4339 secundum,
793 4283 845 4328 ter·
896 4268 995 4322 iterant
1023 4263 1110 4317 iorum
1137 4262 1256 4316 omnium
1290 4260 1432 4326 spirituum
1458 4255 1683 4311 irrationabilium

55 4361 144 4428 ιιιιιιι,
158 4377 191 4417 ac
207 4361 314 4427 deiude,
332 4361 389 4416 sire
400 4362 426 4415 in
441 4361 514 4426 totis,
530 4363 586 4416 sire
607 4363 775 4431 inpartibus,
789 4365 846 4417 sire
895 4353 1038 4428 phantasia
1050 4350 1229 4420 corporalium
1241 4363 1342 4411 tetum,
1353 4347 1379 4401 5¹¹
1388 4347 1517 4401 memmii
1528 4358 1620 4398 eorum
1634 4359 1683 4412 per

57 4451 87 4507 in
98 4453 250 4522 generibus,
259 4453 316 4506 sire
328 4451 354 4505 in
367 4451 516 4520 speciebus,
524 4466 612 4506 nonne
624 4452 845 4521 sitnrnquendarn
897 4424 1052 4518 corpo-tales
1068 4457 1163 4497 sensus
1184 4440 1277 4493 iudan.
1292 4437 1357 4491 ltetn
1374 4438 1400 4491 iu
1416 4434 1563 4504 disciplinis
1586 4435 1682 4490 libera·

54 4543 228 4614 singulorum
249 4542 407 4597 considero?
432 4541 499 4595 lteut
522 4540 544 4595 si
566 4543 745 4605 dextrorsum,
764 4542 844 4596 sinis·
898 4541 967 4596 libus
987 4537 1101 4609 plurima
1115 4533 1172 4587 loen
1187 4530 1366 4599 reperiuntur.
1382 4525 1458 4580 Nulla
1481 4526 1552 4581 enirn
1573 4540 1617 4580 ars
1631 4534 1682 4590 est,

52 4644 190 4699 trersuru,
205 4647 324 4696 sursum,
336 4632 472 4697 deorsum,
487 4639 560 4696 ante,
577 4640 648 4687 retro
662 4632 765 4695 rlixero,
778 4633 841 4701 qnid

53 4722 250 4792 aliudpraeter
261 4721 421 4791 positionem
435 4720 580 4788 quandam,
602 4722 659 4774 sire
681 4720 842 4789 generaliter

53 4816 143 4872 toties
157 4813 259 4880 mundi,
273 4829 322 4869 seu
335 4813 450 4882 partium
463 4810 520 4879 eius
530 4812 704 4866 demonstro?
718 4811 784 4866 Nam
797 4813 843 4881 qui

56 4907 168 4963 dicitde
179 4905 269 4976 aliquo
278 4920 401 4974 corpore,
414 4902 496 4971 jacet,
510 4918 556 4957 sen
569 4905 656 4967 sedet,
670 4917 717 4957 seu
730 4913 793 4969 stat,
805 4904 842 4957 nil

55 5000 134 5055 aliud
154 4999 282 5064 insinuat,
303 4998 353 5052 nisi
378 5004 424 5051 ant
452 4997 464 5028 ⁸
485 4997 610 5052 deorsum
630 4997 773 5061 accumbit,
798 5004 844 5051 ant

53 5104 168 5149 sursum
178 5104 273 5145 uersus
284 5089 295 5122 ¹
307 5087 429 5157 erigitur,
441 5094 487 5140 aut
507 5085 587 5140 veluti
605 5086 625 5117 ¹⁰
636 5087 751 5156 qnodanr
763 5087 844 5142 libra·

54 5181 134 5238 mine
153 5178 226 5236 inter
240 5192 348 5235 sursum
362 5182 444 5247 atque
466 5176 590 5232 deorsum
606 5177 714 5246 pendet.
733 5175 800 5231 item
820 5176 843 5231 si

895 4646 965 4703 quae
986 4628 1043 4683 suis
1057 4625 1123 4679 locis
1147 4629 1250 4685 careat,
1272 4627 1300 4672 nt
1322 4624 1385 4672 snnt
1408 4615 1459 4670 loci
1472 4614 1496 4646 ¹¹
1510 4613 1683 4679 dialecticis

895 4734 1004 4794 genere,
1028 4733 1042 4771 a
1068 4715 1168 4784 specie,
1188 4710 1336 4774 anomine,
1359 4709 1393 4762 ab
1416 4705 1645 4772 antecedentibus,
1668 4722 1683 4760 a

895 4807 1131 4878 consequentibus,
1143 4819 1158 4858 a
1170 4800 1321 4865 contrariis,
1335 4799 1471 4867 ceterique
1485 4796 1508 4829 ¹⁸
1521 4794 1682 4864 urrjnsnrodt,

896 4900 1041 4971 dequibus
1059 4911 1132 4951 nune
1153 4892 1287 4947 disserere
1307 4889 1331 4920 ¹¹
1354 4889 1461 4958 longum
1476 4894 1526 4942 est.
1544 4885 1610 4940 Nam
1629 4897 1682 4940 tarn

897 4997 950 5051 late
965 4999 1056 5064 patcut
1066 4982 1199 5045 dialectici
1212 4983 1275 5049 loci,
1290 4991 1329 5048 ut,
1344 4982 1520 5051 trtrdecunque
1530 4978 1684 5034 dialecticus

897 5087 1003 5142 animus
1020 5083 1047 5136 in
1063 5081 1084 5112 ¹¹
1104 5086 1199 5134 natura
1222 5089 1311 5129 rernm
1331 5079 1529 5142 argumentum,
1550 5067 1622 5138 qnod
1646 5066 1683 5119 rei

898 5179 995 5235 dubiae
1013 5173 1079 5231 tacit
1095 5171 1184 5234 tldem,
1200 5164 1343 5236 repererit,
1358 5163 1445 5218 locum
1459 5159 1611 5231 argumenti
1625 5172 1683 5212 esse

702 5352 831 5410 vanui:
850 5344 1048 5408 taediosas.

96 5501 264 5556 ¹etom.il.
301 5496 637 5553 ’etattitttdineruontb
675 5493 832 5547 'beatem
870 5489 1009 5557 ¹dutqtte.
1048 5475 1218 5535 ¹atont.d·
1258 5462 1528 5530 ‘Slsscflssilltlm-
1566 5461 1684 5533 'delude

54 5572 267 5644 peortaneu.
296 5572 363 5624 8ιιιιι
376 5583 431 5622 οιιι.

55 5642 159 5699 ond.
199 5640 412 5695 Ιἰιειυιιιιιιιη
452 5635 720 5693 ¹¹bberreuidetur.
759 5631 781 5664 ¹¹
799 5624 1095 5751 ilitabitsrrizpfltsstlgt'e.A
1123 5704 1181 5742 cum
1203 5674 1386 5750 ‹paralitatibus

1040 5735 1047 5760 ι

57 5712 151 5767 nullus
172 5727 227 5765 erre
255 5712 377 5779 denegat.
415 5707 436 5740 ¹¹
457 5703 503 5761 ste
522 5707 604 5771 atim
627 5703 813 5761 Cincluditur.

57 5784 84 5814 ²¹
103 5781 211 5835 materie
233 5795 263 5833 nc
282 5780 497 5848 [urtttrt—tttque
512 5792 565 5832 οιιι.
584 5778 613 5830 ιι.
652 5775 673 5806 ¹¹
694 5774 715 5827 ri
730 5771 849 5836 ntrueric,
871 5766 893 5822 b
914 5765 1047 5820 arroteritae.

57 5868 121 5922 que.
159 5850 182 5883 ¹¹
200 5850 329 5905 Ddicere.
366 5847 388 5877 ¹¹
402 5847 453 5899 rin

450 5566 483 5620 Α.
520 5568 633 5620 ¹aerrur
653 5580 707 5620 otu.
723 5564 756 5617 Α.
796 5561 817 5592 ¹⁰
839 5555 1018 5614 celeusma
1056 5553 1077 5583 ¹¹
1095 5552 1115 5604 b
1136 5555 1255 5618 portetur.
1293 5536 1314 5567 ¹¹
1333 5534 1400 5589 ctis
1417 5533 1548 5587 adureret.
1593 5532 1684 5587 “etse

1101 5620 1121 5651 ¹¹
1140 5606 1357 5672 Crtomirtnbitur.
1397 5603 1419 5635 ¹¹
1436 5601 1617 5658 Averisimile
1631 5618 1684 5655 esse

1424 5672 1445 5701 ¹¹
1465 5674 1485 5726 a
1509 5688 1541 5727 ea
1562 5673 1682 5724 rrtoteriu.

1086 5760 1109 5791 ¹¹
1128 5757 1178 5811 loci
1191 5768 1245 5807 out.
1265 5745 1296 5797 l)-
1333 5742 1356 5773 ¹⁸
1376 5742 1422 5796 Sic
1435 5743 1518 5811 cum
1540 5741 1562 5795 Α
1583 5742 1685 5795 ceteris·
