3984 6534
171 394 224 450 aaa
844 379 984 435 rennuis
1003 378 1098 435 scon

171 501 362 561 differentiam.
377 497 447 552 bino
460 496 517 550 lnao
536 508 672 564 viaaguavn,
687 491 862 561 diligentique
875 490 962 559 inqui·
976 494 1001 553 Α
1013 490 1099 544 dietas
1111 489 1243 558 quaedam
1257 487 1442 552 constituitur,
1460 497 1539 555 quae
1554 483 1661 540 dicitur
1675 482 1745 539 bene
1755 500 1810 550 esse,

172 594 272 650 sitione
292 590 437 659 lucidaque
462 585 619 641 inventione
641 582 760 654 dignam.
782 581 812 635 ln
831 594 862 634 ca
878 579 963 647 siqui·
1016 582 1074 637 sine
1087 595 1140 651 qua
1156 581 1229 651 ipsae
1242 580 1440 644 extremitates,
1454 593 1521 634 esse
1534 574 1672 632 videlieet
1685 583 1714 630 ει
1723 591 1811 648 semper

172 688 234 742 dem
255 682 377 739 theoriae
407 687 484 750 parte
508 678 584 731 ¹tria
616 675 749 747 quaedam
771 673 869 728 intueri
884 671 964 726 debe·
1014 685 1084 735 ease,
1101 685 1150 726 neo
1166 685 1230 726 vere
1248 679 1320 736 spnt,
1335 670 1461 740 quamvis
1484 669 1557 734 sint,
1572 682 1631 723 nee
1645 667 1810 724 rectedisaa

171 790 252 829 anus:
277 779 306 827 ει
328 770 416 840 primo
435 767 624 823 inexhaustam
644 763 753 819 divinae
772 760 901 816 bonitatis
921 758 962 813 in·
1015 765 1280 821 turesse¹⁸'—esse
1293 765 1365 819 enim
1379 772 1407 819 ει
1420 778 1536 833 semper
1550 759 1811 826 csse,sublatobene

175 864 334 932 linitamqne
361 876 411 930 per
437 873 469 916 ea
499 867 526 912 et
553 856 581 911 in
608 870 659 920 ea,
689 866 759 924 quae
783 851 855 907 130111
880 858 963 915 snm,
1014 867 1083 917 esse,
1102 868 1153 910 neo
1165 867 1228 908 vere
1242 868 1302 909 esse
1315 859 1437 919 est,nec
1448 866 1520 906 vere
1534 863 1653 920 semper
1666 848 1808 904 essezidsd

175 954 359 1017 ‹lidusionem
383 950 480 1007 deinde
504 947 590 1018 ipsius
611 944 752 1002 divisionis
774 943 785 974 ²
810 941 964 1013 generalem
1014 945 1086 1002 enim
1099 959 1163 1001 vere
1177 953 1205 999 ει
1218 951 1298 999 estet
1312 949 1481 1012 semperest‚
1496 938 1578 1010 quod
1599 939 1677 994 berte
1698 953 1731 993 ac
1747 939 1806 994 beate

96 1024 100 1031 ¹
172 1042 385 1114 bipertitamque
410 1037 605 1107 scaturiginem
629 1035 734 1097 inea,
758 1045 829 1102 quae
853 1031 963 1094 dantur,

172 1142 200 1188 et
220 1147 263 1199 ea,
287 1145 358 1200 qnae
379 1130 524 1184 donantur.
556 1125 620 1181 Tria
641 1124 733 1193 itaque
753 1129 817 1178 sunt
839 1121 963 1176 conside·

171 1224 270 1289 randa,
291 1221 411 1286 bonitas,
434 1219 547 1290 ejusque
559 1219 632 1283 data,
653 1225 681 1272 ει
699 1216 791 1271 dona:
812 1228 915 1284 quaen
935 1228 965 1268 se

154 1367 158 1377 ,
173 1315 289 1370 invicem
303 1311 434 1366 discernit
445 1310 560 1365 rationis
578 1308 660 1375 acies,
675 1308 839 1378 propriaque
852 1303 965 1375 singulis

152 1392 155 1398 ¹
172 1408 289 1471 coaptat.
317 1399 414 1454 Dattvm
434 1399 524 1469 itaque
541 1399 648 1455 divinae
660 1397 791 1452 bonitatis
802 1404 844 1451 εει
857 1395 965 1449 univer·

92 2781 94 2784 ’
172 2761 289 2816 censue·
309 2769 334 2815 et
358 2775 435 2830 super
461 2761 549 2816 omniu
567 2762 690 2817 bonitatis
707 2749 724 2793 '⁸
749 2762 904 2832 proprium,
929 2762 963 2816 ud

173 1490 262 1546 sitatis
283 1490 450 1554 substitutio,
473 1496 501 1543 et
522 1488 670 1542 secumdum
693 1486 833 1558 generales
856 1495 883 1541 et
904 1499 965 1555 spo-

172 1582 256 1638 ciales
275 1568 394 1636 rationes
413 1586 573 1651 cunctarum
592 1587 778 1634 creaturarum
798 1577 963 1646 distributio,

172 1686 254 1740 quarn
278 1668 516 1739 superessentialis
540 1667 667 1734 bouitas,
700 1682 770 1737 qnae
800 1668 871 1722 Deus
901 1674 963 1733 est,

173 1761 363 1816 uvdversaliter
374 1760 499 1815 omnibus
512 1759 624 1831 largitur
637 1775 652 1814 a
666 1773 871 1828 summotasque
885 1759 964 1814 deor·

1015 1033 1138 1089 subsistit
1151 1063 1186 1074 -
1200 1032 1246 1088 illa
1261 1032 1342 1087 insita
1355 1031 1503 1101 medietas,
1525 1028 1584 1084 boc
1602 1037 1650 1084 est
1668 1029 1736 1084 bene
1752 1044 1804 1094 esu,

1015 1124 1116 1180 donum
1130 1124 1238 1180 divinae
1249 1121 1378 1179 honitatis
1397 1127 1450 1186 est,
1464 1119 1565 1176 libero
1577 1132 1614 1174 ae
1625 1117 1698 1173 boue
1708 1117 1806 1174 vunnu

1015 1215 1289 1284 tisintellcctualiset
1302 1212 1440 1269 rationalis
1456 1219 1617 1268 creaturae
1638 1219 1709 1266 motu
1729 1213 1807 1281 adjus-

1016 1316 1069 1363 cto.
1100 1305 1148 1361 llis
1171 1305 1242 1360 enim
1263 1304 1366 1359 duobus
1392 1301 1516 1358 efficitur
1543 1301 1623 1357 bene
1640 1315 1707 1366 me,
1730 1300 1805 1356 libem

1015 1388 1139 1455 videlicet
1160 1396 1308 1463 voluntate,
1331 1396 1455 1466 donoque
1479 1393 1597 1459 divino,
1623 1391 1688 1464 quod
1707 1394 1801 1462 auum

1016 1495 1188 1545 sacrosancta
1210 1494 1290 1542 vocat
1309 1484 1459 1556 Scriptura.
1481 1481 1545 1539 Sed
1566 1482 1640 1539 illud
1657 1484 1743 1539 donum
1758 1497 1804 1536 anu

1015 1576 1142 1634 omuibus
1153 1574 1313 1646 generaliter
1323 1572 1512 1629 distribuitur.
1539 1570 1605 1628 Soli
1630 1573 1726 1643 qnippe
1740 1586 1806 1641 auge·

1015 1668 1083 1724 licae
1095 1668 1281 1737 humanaeque
1295 1674 1408 1721 naturae
1420 1666 1548 1720 donatur
1561 1664 1714 1721 dmlicatia.
1735 1662 1807 1735 duas

1016 1757 1068 1815 illis
1089 1758 1289 1822 universaliter,
1314 1758 1361 1812 sed
1383 1755 1449 1812 solis
1468 1756 1598 1828 angelis,
1627 1758 1677 1828 qui
1695 1756 1807 1814 Crantoris

173 1866 244 1916 svam,
265 1850 317 1905 lanc
336 1858 387 1913 est,
412 1850 446 1905 ab
460 1847 634 1904 intellectuali
649 1840 759 1914 na'tura,
772 1863 842 1918 quac
855 1861 960 1902 sumnia
974 1837 1000 1898 B
1013 1849 1054 1904 sui
1075 1847 1218 1904 dilectione
1230 1849 1365 1912 ardentes,
1382 1846 1500 1902 stabiliti
1513 1847 1538 1879 ¹¹
1561 1848 1592 1903 in
1604 1848 1805 1921 conmphtiue

172 1942 293 1997 omnium
313 1949 499 1997 creaturarum
523 1950 584 2007 est,
609 1955 693 2010 usque
716 1941 750 1995 ad
773 1941 961 2011 corporalem,
998 1939 1134 1996 'veritatii
1161 1940 1183 1981 ¹⁸
1209 1946 1384 2010 permanent,
1411 1939 1540 2010 solisque
1563 1939 1804 1997 bonimibusuaa

172 2050 241 2104 quae
262 2035 346 2089 imum
366 2043 393 2090 et
405 2043 555 2089 extremum
577 2032 764 2088 universitatis
784 2032 903 2102 possidet
924 2031 963 2087 lo·
1013 2032 1076 2086 dum
1089 2032 1249 2103 propositum
1264 2033 1372 2086 uocatis.
1392 2031 1452 2086 linc
1475 2032 1612 2097 aceedit,
1639 2033 1713 2104 quod
1730 2034 1803 2091 dmm

172 2140 243 2180 eunt.
268 2122 380 2179 Summa
401 2123 483 2195 igitur
494 2124 601 2179 bonitas
614 2123 661 2178 dat
672 2123 816 2179 attriversae
838 2123 963 2178 cotiditae
1014 2123 1117 2196 gratiae
1128 2137 1216 2192 neque
1228 2123 1299 2177 intra
1311 2121 1443 2177 terminos
1459 2121 1600 2180 eruditae
1613 2133 1731 2180 naturae
1741 2125 1804 2180 anub

171 2224 285 2270 naturae
303 2229 372 2279 esse,
395 2214 522 2284 quoniam
548 2213 635 2284 ipsam
656 2227 690 2268 ex
711 2228 764 2267 non
784 2212 963 2268 existentibus
1014 2222 1103 2280 netur,
1117 2222 1205 2283 neque
1219 2212 1366 2268 secundum
1391 2212 1557 2268 naturalem
1579 2213 1716 2270 virtutem
1733 2229 1805 2286 opera·

172 2306 200 2362 in
213 2308 357 2362 existentia
375 2306 496 2362 adduxit.
521 2293 964 2375 ilinobcatusDionysius'quarto
1014 2313 1070 2371 tur,
1094 2303 1141 2358 sed
1162 2301 1424 2373 superessentialiter
1450 2311 1479 2357 ει
1505 2302 1586 2358 ultra
1608 2318 1710 2361 omnes
1726 2316 1806 2360 ειειιιι

174 2398 318 2467 capitulo³
340 2399 373 2454 de
401 2397 511 2454 caelesti
529 2396 666 2452 lerarcbia
690 2394 843 2461 :Primum
864 2397 962 2467 inquit,
1015 2392 1152 2450 naturales
1166 2393 1188 2424 ¹⁸
1205 2391 1324 2447 rationes
1342 2389 1456 2446 eliectus
1472 2404 1546 2448 suos
1558 2394 1683 2465 peragit.
1705 2394 1804 2464 ltaquesi

175 2489 291 2542 omnium
317 2488 383 2541 iilud
410 2488 495 2541 dicere
513 2504 615 2553 uerum,
638 2496 666 2541 ut
688 2487 801 2542 bonitate
822 2487 964 2542 uniuersali
1014 2496 1063 2554 per
1083 2481 1168 2537 solam
1191 2480 1309 2536 divinam
1330 2480 1448 2551 gratiam
1463 2483 1653 2539 resurrectio
1666 2493 1804 2541 munuum

171 2578 393 2649 superessentialis
408 2579 533 2634 diuinitus
547 2595 648 2644 eorum,
668 2587 820 2650 quaesunt,
835 2581 963 2634 essentias
1015 2571 1107 2638 suerii,
1124 2571 1234 2629 0mssiss⁰
1248 2569 1379 2627 0311111118
1398 2571 1489 2627 virtus
1514 2575 1713 2643 evacuabitur,
1726 2575 1804 2631 riuis·

172 2671 332 2725 substituens
345 2671 380 2724 ad
392 2687 447 2725 esse
459 2670 570 2726 adduxit
588 2671 609 2725 ⁸.
628 2671 676 2726 Est
690 2672 759 2727 euim
784 2672 833 2727 ivor
848 2673 963 2727 omnium
1015 2678 1068 2734 11118
1081 2672 1182 2728 11101118,
1198 2664 1244 2732 qui
1261 2661 1546 2720 161111811181111111115
1560 2680 1707 2738 nunquam
1718 2665 1803 2728 ductii

1015 2755 1074 2811 sive
1083 2755 1110 2810 vi
1126 2763 1153 2810 et
1167 2762 1302 2825 potestate
1317 2753 1435 2820 siluerit,
1458 2765 1490 2810 ut
1519 2756 1550 2811 iu
1575 2759 1696 2815 monade
1712 2759 1801 2819 ιιωιιί,

174 2852 382 2907 comessationem
401 2850 412 2883 ¹
431 2867 472 2919 eu,
487 2869 553 2924 quae
573 2863 645 2920 suat,
664 2868 765 2920 uocare,
782 2863 811 2907 ut
824 2853 964 2924 uuicuique
1016 2848 1073 2904 sivo
1085 2853 1146 2905 actu
1156 2855 1184 2903 et
1197 2847 1355 2919 operatione
1368 2856 1464 2918 aperta
1473 2848 1500 2881 ¹⁰
1513 2849 1566 2919 sit,
1580 2860 1615 2908 ut
1624 2852 1802 2910 numeriano

172 2961 275 3012 eorum,
299 2952 450 3016 quaesunt,
474 2959 506 2999 ea
532 2945 639 3016 propria
660 2945 785 3014 definitur
805 2945 928 3016 analogia
940 2947 962 3000 ⁸.
1016 2944 1086 3000 nade
1096 2944 1283 3014 procedentes,
1300 2952 1459 3011 ceteraque,
1473 2957 1554 3013 quae
1563 2960 1599 3002 ex
1610 2945 1723 3002 occultis
1733 2942 1803 3000 elusis

173 3034 270 3091 Omnia
280 3036 373 3106 igitur,
385 3051 452 3106 quae
461 3046 533 3102 sunt,
542 3038 699 3108 participant
708 3046 720 3079 s
730 3038 920 3108 prouidentiam
932 3055 965 3094 ea
1016 3035 1044 3092 iu
1056 3034 1283 3108 apertoseiieetus
1296 3034 1439 3104 prodeunt.
1459 3033 1497 3090 Ει
1510 3036 1619 3093 iterum
1634 3037 1669 3105 ¹¹,
1680 3039 1703 3093 si
1714 3046 1805 3093 natura

174 3124 384 3193 superessentiali
406 3135 431 3178 et
451 3127 636 3182 causalissima
654 3127 677 3160 ¹⁰
698 3127 839 3183 diuinitate
853 3144 964 3183 manass-
1016 3127 1050 3182 lis
1061 3127 1147 3183 virtus
1166 3125 1373 3183 resurrectionis
1387 3123 1519 3183 effectiva
1536 3139 1583 3186 est
1600 3131 1700 3199 amque
1711 3128 1804 3198 adjuto-

173 3213 264 3266 tem¹².
274 3211 336 3265 Nou
346 3214 415 3266 euim
426 3213 547 3280 fortassis
558 3225 641 3272 essent
651 3234 750 3284 eorum,
759 3234 827 3290 quae
839 3229 910 3285 suut,
923 3235 963 3273 es·
977 3181 1001 3246 G
1016 3219 1058 3273 rio
1071 3217 1184 3287 gratiae,
1203 3216 1338 3286 quomodo
1361 3215 1565 3286 Redemptoris
1584 3219 1688 3275 masal
1704 3217 1805 3289 generis

172 3303 340 3370 sentiae,nisi
353 3318 369 3356 u
382 3303 510 3374 pnndpio
518 3319 680 3362 assumerent
688 3307 963 3380 ¹'.Euisteatiuiqitur
1012 3309 1141 3366 virtutem
1167 3307 1194 3363 in
1224 3308 1421 3365 resurrectione
1455 3320 1631 3368 mortuorunt
1660 3309 1805 3381 praevalere

173 3394 261 3448 omnia
286 3408 341 3446 esse
356 3394 582 3465 ejuspurticipunt
595 3414 604 3460 ;
617 3411 673 3450 esse
695 3398 764 3450 euim
777 3400 892 3453 omnium
914 3408 962 3465 est,
1013 3399 1140 3472 possibile
1159 3407 1201 3456 est
1219 3399 1341 3465 credere,
1365 3412 1427 3453 eum
1452 3398 1518 3470 ipse
1546 3398 1735 3471 dixetiltilgo
1757 3415 1803 3454 suar

173 3480 491 3552 superessentialitas.
523 3482 659 3541 Hacmnus
678 3485 832 3558 Dionysius.
855 3489 888 3544 Et
910 3503 963 3545 non
1013 3490 1168 3545 resumatis
1194 3497 1218 3544 et
1242 3488 1329 3544 uta?
1360 3486 1418 3543 Non
1445 3489 1525 3545 enirn
1554 3491 1628 3547 banc
1656 3490 1801 3547 emt-iun

173 3571 259 3627 solum
280 3571 514 3641 superessentialis
534 3573 642 3629 bonitas
665 3574 713 3630 dat
738 3577 864 3633 omnibus
886 3593 962 3645 esse,
1014 3581 1175 3637 servantiam
1188 3570 1440 3635 deresurrectione'
1454 3581 1629 3649 animarum,
1652 3581 1803 3656 quaeestte

172 3676 267 3716 verum
290 3661 372 3716 etiarn
396 3661 569 3718 aeternaliter
589 3677 660 3719 esse.
692 3663 786 3719 Omnis
800 3667 899 3736 quippe
918 3683 962 3724 cs·
1013 3680 1101 3728 morte
1113 3670 1261 3742 injustitiae
1272 3678 1299 3726 et
1311 3669 1460 3741 impietatis
1474 3672 1510 3727 ad
1522 3671 1658 3742 justitiae
1673 3682 1702 3730 et
1715 3672 1803 3746 putatu

175 3753 261 3807 sentia
282 3759 310 3807 et
330 3751 481 3808 substantia
496 3768 550 3808 non
573 3753 681 3810 aliunde
693 3762 721 3809 et
732 3762 775 3809 est
788 3763 815 3810 et
828 3755 962 3823 subsistit,
1013 3766 1109 3831 uitam,
1124 3764 1176 3819 boc
1193 3772 1235 3818 est
1249 3763 1276 3817 in
1296 3763 1417 3819 veritatis
1430 3747 1712 3836 contemplationem,
1723 3766 1801 3824 satam

172 3844 224 3899 nisi
236 3843 546 3915 abeasuperessentiali
563 3855 590 3901 et
605 3843 858 3917 supersubstantiali
870 3844 894 3880 ¹⁸
916 3849 964 3903 bo-
1014 3857 1093 3911 inodo
1110 3855 1238 3911 debemus
1257 3856 1390 3926 aecipcre,
1406 3870 1503 3911 verum
1535 3859 1628 3915 etiam
1649 3860 1685 3917 de
1705 3871 1801 3917 renne-

174 3937 270 4001 nitate,
294 3950 365 4005 quae
383 3951 432 4006 per
454 3951 484 3992 se
501 3951 565 3993 vere
585 3947 627 3993 est
646 3945 674 3994 ει
692 3936 825 3994 subsistit.
856 3937 963 3994 Nullum
1014 3947 1104 4001 avinne
1116 3960 1269 4017 corporum,
1285 3944 1362 4014 cuius
1376 3944 1530 4016 principale
1552 3950 1799 4024 exemplumiusua

175 4039 294 4094 namque
304 4025 480 4082 substantiale
490 4028 532 4082 vel
544 4028 690 4085 essentiale
700 4030 799 4086 bonum
810 4041 962 4100 perseest,
1013 4038 1122 4109 propria
1148 4052 1230 4093 carne
1260 4037 1498 4106 praemonstravit.
1537 4037 1617 4096 Sana
1650 4043 1738 4113 itaque
1762 4039 1799 4094 tiu

173 4123 284 4186 praeter
297 4115 383 4185 ipsam
396 4114 491 4182 solam,
502 4118 578 4188 cuijus
594 4119 768 4190 participatio
781 4120 963 4178 datomnibns
1012 4141 1156 4197 possumus
1167 4127 1314 4183 attribuere
1326 4127 1538 4184 resurrectionis
1561 4130 1697 4191 virtutem
1716 4142 1740 4190 el
1755 4134 1799 4187 dau

173 4206 244 4262 laona
263 4204 412 4272 esse,solis
430 4205 524 4262 electis
544 4208 627 4262 donat
647 4207 778 4265 deificari.
798 4210 875 4266 Nulla
889 4213 963 4268 enim
1014 4217 1122 4274 divinae
1145 4217 1275 4274 bonitatis
1300 4218 1447 4274 secundum
1478 4223 1646 4280 naturalem
1673 4224 1798 4282 mutua

173 4298 291 4355 essentia
302 4297 345 4353 vel
356 4298 508 4354 substantia
519 4299 541 4335 ¹⁸
551 4310 593 4354 est
605 4299 696 4355 divina
708 4300 830 4358 bonitate
843 4304 960 4369 condita,
1012 4308 1173 4379 potentiam,
1191 4317 1220 4363 et
1239 4307 1309 4364 dotto
1323 4306 1443 4376 eiusdem
1456 4310 1597 4371 bonitatis
1611 4317 1756 4374 secundun
1767 4328 1799 4368 st·

173 4390 959 4464 quaenonaeternaliteretiueomnautabiliterpermaneat.
1013 4399 1239 4471 perexcellentem
1271 4413 1366 4456 omnes
1393 4410 1506 4459 naturas
1536 4408 1671 4479 gratiam.
1701 4407 1798 4464 &aad

174 4480 214 4536 Ea
229 4480 373 4552 siqnidem,
385 4496 455 4551 quae
471 4491 602 4553 perpetuo
617 4497 793 4553 perseverare
810 4496 958 4556 nequeunt,
1015 4490 1084 4547 bace
1096 4491 1159 4557 dno,
1175 4491 1266 4546 datum
1277 4492 1337 4547 dico
1348 4500 1375 4547 et
1387 4492 1498 4561 donum,
1512 4510 1530 4551 a
1550 4500 1714 4557 seinvicem
1727 4512 1796 4568 seste-

174 4572 325 4627 accidentia
348 4580 412 4626 suut
435 4573 595 4628 substantiis
618 4573 813 4642 superaddita,
838 4584 866 4631 et
888 4578 961 4635 circa
1017 4579 1090 4652 gavit
1101 4578 1217 4635 lacobus
1229 4579 1378 4651 apostolus,
1392 4581 1507 4638 dicens:
1524 4584 1617 4646 Omne
1638 4591 1726 4645 datan
1747 4590 1795 4657 aui·

175 4678 221 4718 eas
231 4663 401 4733 conglobata,
416 4664 497 4733 inque
511 4678 558 4719 eas
579 4679 731 4722 reversura.
752 4667 904 4738 Estitaque
917 4672 965 4727 da·
1016 4688 1089 4727 muas
1102 4681 1126 4727 et
1137 4688 1212 4726 amave
1222 4673 1320 4728 donum
1329 4672 1471 4743 perlectum
1481 4676 1513 4731 de
1524 4694 1638 4736 sursum
1649 4691 1698 4747 est,
1709 4682 1796 4735 dama
1842 4686 1844 4691 ’

176 4760 233 4806 tum
246 4751 353 4808 divinae
364 4751 493 4809 bonitatis
507 4764 603 4810 natura
621 4757 718 4822 omnis,
737 4772 806 4828 quae
826 4760 854 4815 in
873 4774 965 4817 essen-
1016 4764 1081 4819 dens
1093 4779 1110 4816 a
1123 4761 1204 4817 Patre
1218 4762 1356 4818 luminum.
1375 4764 1414 4820 dc
1425 4763 1574 4853 Q
1587 4768 1795 4830 dicerentlnnis
1840 4800 1844 4855 Ι

176 4842 241 4896 tiam
254 4841 334 4895 ducta
347 4851 399 4907 eat,
409 4852 437 4898 et
448 4845 638 4915 perpetualiter
646 4848 807 4917 custoditur,
818 4867 851 4907 ue
860 4861 962 4923 pereat.
1016 4860 1175 4908 naturarum
1190 4852 1251 4907 data
1269 4853 1423 4908 substitutio
1439 4860 1467 4910 et
1491 4862 1676 4927 restauratio,
1692 4875 1751 4931 quae
1767 4872 1791 4910 ei
1842 4906 1844 4925 ,

175 4931 212 4988 Δι
221 4944 287 4988 vero
296 4931 423 5002 quoniam
432 4933 615 4994 interesseet
625 4938 797 4996 aeternaliter
808 4939 896 4998 “esse
904 4958 963 4999 me·
1017 4943 1081 5002 dato
1090 4951 1118 5001 et
1127 4944 1198 5002 dono
1209 4944 1402 5014 conformatur,
1411 4945 1558 5019 omnisque
1572 4953 1695 5024 perlecta
1707 4964 1790 5009 earuu

826 5129 954 5188 VARIAE
972 5132 1172 5194 ladmones

215 5293 295 5350 ¹Sie
317 5286 371 5357 CF,
386 5288 523 5345 Atintania
536 5285 565 5341 id
579 5294 616 5341 est
630 5287 661 5339 de
675 5284 861 5340 resurectione
876 5283 937 5338 tria.
994 5286 1036 5340 Ἀ
1050 5287 1186 5343 divisionis
1208 5290 1301 5360 ipsius.
1360 5289 1406 5343 'A
1433 5291 1552 5360 capitato
1573 5309 1683 5366 (mm,
1735 5296 1789 5350 usq.

175 5364 235 5431 CF}
250 5364 274 5418 Α
288 5362 418 5424 Primum,
434 5359 529 5429 iuquit,
542 5357 658 5412 omnium
672 5354 739 5408 ittae
752 5353 863 5433 dicimus
877 5353 1019 5409 sectandum
1037 5358 1169 5412 ueritatem
1182 5360 1251 5431 quod
1265 5359 1337 5414 Deus
1350 5376 1438 5415 omnes
1459 5372 1598 5420 creaturus
1619 5367 1733 5422 samaeas
1752 5381 1789 5420 ‚aa

177 5435 330 5491 necessitate
359 5431 502 5485 substituit.
553 5427 717 5481 'denaus
740 5440 865 5479 oritarum.
921 5422 966 5478 ‘A
983 5423 1179 5482 beidandans.
1226 5429 1560 5486 'Aeammunicaviam
1622 5438 1634 5470 s
1648 5438 1672 5490 Α
1699 5448 1788 5493 ww„

173 5507 252 5574 juata
268 5500 405 5571 analogiae
419 5499 544 5568 cujusque
557 5496 743 5564 definitionem.
794 5494 971 5548 'adinissum
984 5496 1156 5565 participant.
1206 5497 1266 5552 ¹⁰et
1281 5499 1465 5552 causalissima
1480 5514 1534 5554 onu
1551 5503 1587 5559 Α,
1633 5508 1653 5538 11
1667 5508 1689 5561 Α
1706 5507 1788 5560 wigii

177 5582 351 5628 emanantem.
398 5570 420 5601 ¹¹
433 5567 602 5633 AQuomodo
617 5566 685 5618 enini
696 5563 838 5634 quidquam
851 5575 918 5627 erat,
931 5565 954 5617 ai
969 5580 1055 5618 rerum
1070 5583 1177 5620 cvvrtsum
1189 5583 1241 5621 novt
1253 5569 1457 5638 participabant.
1504 5571 1526 5601 ¹³
1539 5574 1564 5628 Α
1579 5572 1787 5645 superessentiali*

180 5640 320 5695 Divinitas.
359 5637 515 5704 ¹⁸SieCF;
540 5632 752 5691 Α81ὓ1111111111111·
791 5634 813 5665 ¹⁸
828 5636 874 5690 Sic
886 5635 943 5699 til';
969 5635 1150 5689 bersentinus
1175 5638 1332 5692 substantia.
1371 5638 1392 5669 ⁸⁶
1412 5638 1459 5694 Sic
1476 5639 1580 5707 AF;C
1608 5645 1785 5715 persequabar.

181 5708 214 5831 x*
233 5726 288 5762 ⁶⁸⁵2
301 5725 354 5763 11111·
371 5709 424 5809 0¹²⁸·
456 5709 483 5831 ξ’
503 5710 548 5763 Sic
560 5701 809 5770 Ᾱ;01ἰ1(1111’11’1ιιῑὶ.
849 5714 869 5745 ¹³
892 5707 912 5759 b
929 5706 1280 5776 navitatisrovvtrvnplutiouc.
1320 5709 1603 5768 ”aaraaalasoiua
1642 5716 1666 5746 ¹⁰
1686 5710 1785 5773 Sichi

216 5788 314 5845 reperta
329 5779 372 5832 sit.
423 5781 456 5830 ¹.
487 5793 583 5832 aarum.
