3984 6534
170 360 224 425 att
857 360 1001 424 sotnms
1017 360 1117 422 soort
1671 364 1677 379 ·
1752 344 1804 409 stt

173 477 232 533 rale
245 480 388 545 peceatum
398 469 531 544 originale
541 470 655 540 dicitur:
664 487 722 533 trec
736 474 883 541 immerito,
897 492 967 547 quo-
978 482 1007 545 Α
1018 477 1088 533 tirus
1098 475 1217 548 deponit
1238 472 1315 530 Alios
1325 469 1515 529 universaliter
1525 480 1636 525 omnen
1651 466 1803 527 aenstbileto

174 566 248 625 niam
275 574 416 637 peecatum
443 565 597 620 communis
620 566 741 620 omnium
771 566 886 637 originis
909 576 967 634 est,
1018 576 1120 625 motum
1136 567 1283 638 inseipso,
1294 563 1376 621 relutr
1390 562 1418 619 in
1431 560 1547 633 quadam
1557 573 1652 623 cruce,
1664 558 1803 630 extinguit,

174 656 254 727 cuius
266 657 363 713 merito
383 657 479 712 mortis
491 662 520 712 et
532 658 714 728 corruptionis
725 672 821 713 omues
833 659 967 726 homines,
1019 660 1058 716 ita
1075 668 1105 715 ut
1118 659 1220 714 nullum
1238 655 1349 715 euroino
1366 654 1394 710 in
1413 668 1443 709 se
1460 644 1698 724 ipsb'naturalem
1713 647 1804 705 habeat

176 754 292 817 excepto
302 745 499 816 Redemptum,
517 747 654 803 debitores
666 762 775 813 sumus3
797 747 870 803 solus
874 749 969 834 sipun-
1020 761 1120 809 actum.
1152 750 1188 806 Et
1217 746 1403 819 unusquisque
1427 745 1526 801 borum
1552 752 1647 797 tecum
1676 736 1804 811 cruditi!

176 840 290 927 demad
307 839 534 896 medicamentum
554 840 673 896 molireris
692 840 858 911 Redemptor
876 848 970 896 noster
1019 843 1166 901 Christum.
1189 839 1380 911 Unusquisque
1402 834 1476 892 enim
1497 830 1630 896 bdelium,
1653 828 1804 899 qualernir

177 933 262 991 inilia
277 933 464 989 massatotius
485 931 596 987 humani
611 932 719 1003 generis
736 933 838 1002 absque
849 941 969 1002 ‘peccato
1020 935 1110 989 animo
1122 930 1246 988 habuerit
1267 927 1452 986 habitudinem
1465 938 1515 995 per
1531 922 1706 979 incrementa
1726 919 1805 977 ritto-

176 1025 286 1080 relictos
301 1032 353 1090 est,
366 1033 396 1078 ut
407 1038 457 1094 per
468 1021 543 1078 illum
556 1022 642 1078 solum
653 1036 760 1091 semper
772 1022 876 1075 saltum
887 1024 970 1077 totius
1020 1035 1089 1092 turm,
1105 1024 1186 1080 talem
1199 1023 1232 1079 de
1243 1019 1351 1077 Christo
1366 1016 1475 1074 habebit
1493 1012 1576 1070 iidem
1596 1026 1649 1084 per
1668 1020 1806 1084 aogmema

176 1127 290 1173 naturae
309 1115 407 1171 vulnus
427 1121 580 1180 curaretur,
596 1114 756 1199 ψῃ
772 1113 806 1167 ad
825 1113 970 1183 pristinum
1020 1114 1275 1187 intelligentiarum:
1297 1119 1325 1167 et
1339 1108 1464 1181 quotiens
1477 1102 1578 1176 prioris
1591 1101 1670 1159 ritae
1686 1101 1772 1159 tuodia
1782 1110 1807 1159 et

176 1214 275 1264 statum
291 1207 387 1262 salutis
398 1214 495 1271 totum,
507 1205 579 1276 qood
591 1204 762 1260 uulneratum
773 1211 825 1270 est,
842 1205 969 1259 restitue·
1021 1207 1157 1264 interioris
1172 1206 1296 1268 moritur,
1312 1214 1339 1258 et
1352 1202 1380 1257 in
1393 1198 1503 1255 altiores
1523 1196 1627 1271 gradus
1645 1192 1806 1261 subvehitur,

175 1308 261 1357 retttr.
275 1297 576 1383 ilerteoriginaie
586 1307 737 1367 peecatum,
749 1298 971 1369 singulorumque
1022 1299 1123 1357 totiens
1134 1296 1277 1368 opiniones
1290 1293 1324 1348 de
1338 1290 1458 1355 Christo,
1469 1286 1596 1360 quamuis
1606 1284 1756 1357 sitnplicer,
1769 1294 1807 1341 ta·

177 1399 239 1462 post
251 1391 456 1460 generationem
472 1391 501 1446 in
515 1392 587 1447 hunc
598 1393 728 1448 muudum
746 1392 854 1456 delicta,
868 1394 971 1463 gratiae
1021 1407 1083 1446 meu
1099 1390 1126 1444 io
1141 1389 1200 1459 ipso
1215 1396 1316 1442 etcum
1333 1384 1391 1454 ipso
1404 1380 1567 1446 morientur,
1583 1386 1612 1435 et
1627 1377 1658 1434 in
1677 1374 1808 1433 aubdtoio·

177 1472 349 1548 baptismatis
361 1480 527 1537 abundantia
543 1497 591 1552 per
603 1480 772 1539 Salvatorem
786 1492 908 1539 trostront
929 1499 972 1539 re·
1021 1497 1066 1538 res
1076 1481 1109 1537 de
1122 1496 1156 1537 co
1169 1477 1347 1550 theophanias
1363 1475 1416 1530 ilde
1431 1483 1513 1544 atque
1525 1469 1708 1541 intelligentia
1718 1468 1807 1541 prore·

177 1568 313 1639 laxantur,
333 1582 363 1629 ιιι
376 1573 488 1630 omnino
501 1589 554 1629 non
568 1575 632 1630 siut.
657 1575 821 1659 &illl-98⁵¹·
840 1575 973 1653 mmai-ait
1021 1575 1110 1630 hetur.
1142 1570 1238 1660 Q
1264 1569 1291 1624 in
1318 1567 1375 1623 suis
1396 1563 1519 1621 indolibus
1539 1560 1673 1618 Christus
1697 1558 1810 1632 quotidie

179 1665 346 1735 evangelista
363 1684 370 1720 :
389 1686 398 1717 ι
413 1665 484 1722 Ecce
501 1665 595 1738 hguus
609 1667 668 1734 het,
684 1668 731 1737 qui
746 1652 971 1737 toilit'peooatom
1022 1664 1146 1729 tuorhur,
1161 1670 1187 1716 ct
1203 1662 1237 1715 ab
1254 1660 1294 1715 eis
1314 1656 1491 1728 cruciligitor,
1506 1654 1572 1711 dom
1588 1650 1719 1711 carnales
1736 1652 1810 1713 dea)

178 1755 273 1809 mundi
283 1773 305 1809 r.
317 1753 367 1810 ilic
377 1763 420 1810 est
430 1756 527 1811 unicos
537 1757 716 1827 etsinguluris
730 1757 819 1828 dgnus
831 1758 970 1828 tttysticus,
1023 1755 1212 1824 cogitationes,
1238 1767 1285 1807 seu
1300 1748 1473 1821 spirituales,
1491 1747 1582 1802 adhoc
1607 1754 1704 1801 ermen
1720 1744 1811 1817 imper·

180 1848 206 1903 in
221 1847 970 1920 cujushguraisraeliticospopulussiuguiosagttesper
984 1836 1009 1897 B
1023 1845 1117 1908 lectas,
1141 1844 1314 1909 interimunt,
1339 1856 1446 1910 semper
1466 1840 1494 1895 iu
1517 1839 1605 1894 altura
1628 1835 1809 1903 ascettdeotet,

179 1938 299 2010 singulas
313 1938 409 1995 domus
420 1939 541 2009 paschali
555 1949 676 2012 tempore
688 1941 854 1996 immolabat.
867 1939 932 1995 ham
945 1948 974 1996 et
1023 1939 1110 1993 donec
1127 1938 1160 1991 ad
1175 1949 1267 1991 reram
1290 1933 1349 2003 ejus
1362 1933 1485 1989 notitiam
1500 1933 1686 2004 perueniant3
1701 1930 1810 1988 induitur

178 2042 238 2090 uos.
258 2029 303 2098 qui
316 2037 376 2100 post
395 2037 533 2100 peractam
547 2030 606 2101 ejus
626 2032 839 2088 incarnationem
861 2042 889 2086 et
910 2046 971 2102 pas·
1023 2034 1095 2089 euim
1113 2030 1216 2086 iullnite
1227 2028 1310 2083 etiarn
1326 2027 1353 2082 iu
1363 2026 1562 2098 purgatissimis
1573 2022 1813 2083 montibuaiorott·

178 2117 282 2177 sionem
295 2130 322 2175 et
335 2123 562 2179 resurrectionem
574 2123 602 2177 in
617 2137 678 2178 eom
695 2125 841 2189 credimus,
860 2125 973 2195 ejusque
1023 2134 1076 2180 tur.
1098 2121 1173 2176 hlius
1191 2121 1225 2175 ab
1246 2120 1302 2189 ipsa
1325 2117 1501 2174 intellectuali
1520 2117 1688 2188 operatione
1703 2112 1812 2187 periet'e

180 2209 320 2282 mysteria,
340 2219 471 2281 quantum
494 2212 573 2267 nohis
594 2213 763 2278 conceditur,
787 2213 972 2284 intelligimus,
1023 2213 1149 2285 quiescit,
1165 2210 1246 2266 uoluti
1261 2208 1381 2280 perfecte
1394 2216 1537 2275 mortuus;
1553 2222 1615 2307 Q
1628 2206 1707 2263 enim
1721 2204 1812 2301 telo}

180 2308 209 2357 et
221 2303 399 2372 spiritualiter
417 2319 480 2359 cum
504 2304 686 2368 inunolamus,
709 2314 736 2358 et
754 2305 974 2360 intellectualiter
1023 2303 1103 2358 modo
1119 2274 1258 2357 ιιιιιιῖιῐῐε
1276 2307 1353 2355 actus
1370 2298 1489 2362 animae,
1504 2311 1602 2375 rernm
1615 2294 1815 2355 ettam'lntslta·

179 2400 281 2456 tuente,
295 2393 450 2457 uendente,
467 2390 775 2476 comedinrustqoe
788 2394 973 2464 uuusquisque
1023 2370 1127 2450 e‘m'tes
1140 2391 1199 2461 ejus
1211 2392 1384 2462 operationes
1406 2372 1747 2460 supersedistis-reum
1757 2402 1814 2445 ertt·

182 2485 351 2540 crotleutium
370 2485 491 2550 Christo,
512 2485 659 2541 seeundum
682 2486 819 2555 propriant
834 2488 971 2553 virtutem,
1023 2483 1140 2553 cihgitur
1151 2482 1347 2553 philosophiae.
1362 2480 1457 2537 Actira
1471 2489 1564 2536 autem
1575 2478 1751 2553 philosophia
1764 2486 1812 2547 ert,

180 2581 210 2628 ct
221 2574 371 2644 subjectum
393 2573 443 2628 sihi
456 2573 566 2628 virtutis
584 2573 706 2630 habitum
719 2582 747 2628 et
761 2575 931 2644 qualitatem,
945 2585 975 2632 et
1024 2591 1094 2646 quae
1114 2577 1187 2632 circa
1205 2575 1369 2631 naturalium
1385 2574 1516 2629 uirtutum
1532 2571 1719 2629 adunationes
1733 2580 1761 2629 et
1778 2570 1814 2629 dl-

181 2663 400 2735 crucidgitur,et
423 2663 558 2735 crucidgit
583 2663 692 2720 sihintet
715 2663 803 2735 ipsum
822 2665 973 2730 Christum,
1024 2668 1176 2724 scretiones
1199 2681 1335 2723 uersatur.
1356 2666 1450 2723 hctiva
1464 2679 1575 2736 quoque
1596 2663 1815 2737 philosophiam·

182 2752 292 2813 Christo
316 2754 440 2810 videlicet
462 2754 670 2810 concrucifixus.
696 2754 772 2812 Unus
795 2756 904 2826 quidem
924 2757 974 2813 soli
1025 2759 1112 2814 tiones
1126 2759 1295 2815 inhumanati
1310 2754 1813 2827 verbi,qoantummtet,eoaatdaatt

182 2854 295 2919 peccato
308 2846 488 2918 crucifigitur,
500 2845 564 2901 dum
578 2846 612 2902 ab
628 2847 755 2904 omuibus
772 2848 974 2919 operationibus
1024 2864 1093 2919 quas
1114 2849 1342 2931 omncs-hn-c-est
1360 2856 1444 2903 totam
1463 2844 1597 2903 moralem
1610 2844 1812 2918 philosophiam,

182 2938 266 3010 ipsios
280 2938 307 2992 io
322 2952 404 2993 carue
423 2948 452 2993 et
468 2953 517 3009 per
530 2953 639 2994 earnem
657 2954 734 2996 soant
753 2940 973 3032 quiettts,fflti
1025 2942 1058 2997 de
1075 2940 1221 2995 uirtutibus
1236 2939 1343 2995 animae
1360 2940 1447 3008 deque
1457 2936 1559 2996 Christi
1573 2952 1664 2994 carue
1674 2935 1814 3011 neamalis

168 3029 299 3107 Q
313 3037 400 3083 morte
414 3029 527 3085 obrutus
542 3028 672 3098 edicitur;
692 3040 720 3088 et
739 3032 816 3100 illud,
832 3042 972 3103 peccatum
1025 3032 1293 3102 ltotnosoperans,ad
1306 3032 1391 3102 ipsam
1402 3030 1554 3086 naturalem
1565 3028 1814 3103 contemplationem

182 3121 253 3187 dice,
278 3122 363 3177 clavis
387 3122 493 3179 timoris
516 3124 623 3180 Domini
642 3123 780 3180 conlisum
807 3126 972 3191 mortificat,
1026 3127 1052 3180 in
1069 3124 1183 3194 Spiritu,
1199 3122 1448 3203 rel-trtissffldttidhl
1471 3134 1555 3177 ΜΘ
1571 3118 1655 3177 Verbi
1682 3119 1717 3178 ⁸⁶
1738 3118 1814 3192 ipsiu

183 3211 247 3266 dom
270 3214 473 3284 omnesipsius
488 3214 614 3284 impetus,
634 3229 668 3269 ne
690 3215 754 3283 quid
771 3216 797 3268 iu
820 3230 868 3270 sua
891 3229 974 3271 carue
988 3203 1011 3264 C
1026 3216 1144 3268 eitimam
1160 3198 1336 3269 transcendit.
1352 3212 1551 3269 hitusnaturah
1560 3211 1688 3269 theoriae
1697 3211 1813 3269 merint-

181 3301 288 3373 operari
303 3303 420 3372 valeant,
437 3304 565 3363 refrenat.
578 3304 654 3359 illios
664 3303 974 3385 passioniboskhoweest,
1025 3303 1171 3359 Estaotent
1184 3302 1315 3358 naturalis
1323 3301 1427 3359 theoria
1436 3299 1606 3359 rationabilis
1613 3300 1814 3373 animaequan
1838 3356 1842 3365 ,

183 3392 297 3452 intirmis
325 3397 433 3453 animae
455 3395 627 3458 actionibus,
652 3394 751 3464 quibus
774 3394 863 3464 primo
890 3394 917 3450 itt
945 3411 975 3454 se
1025 3393 1278 3463 Christusacccpit,
1294 3393 1381 3449 virtus
1400 3391 1580 3464 speculativa,
1605 3392 1651 3451 eui
1675 3388 1814 3467 spirituale

183 3482 240 3555 ipsa
251 3486 444 3555 corrumpitur,
453 3486 610 3555 priusquam
624 3496 673 3551 per
687 3496 786 3552 corpus
796 3491 925 3552 operetur
939 3513 975 3524 -
1026 3484 1107 3540 homo
1122 3483 1245 3547 moritur,
1257 3483 1320 3538 dum
1340 3482 1464 3553 jamnon
1473 3481 1568 3569 Qasr
1581 3490 1667 3555 negat
1685 3480 1814 3539 casoro

182 3576 254 3632 aetio
267 3578 367 3653 quippe
381 3579 489 3634 animae
513 3584 564 3642 est,
589 3574 713 3644 operatio
726 3589 792 3631 tero
809 3575 977 3645 corporis-
1026 3589 1137 3630 carnem
1155 3589 1225 3639 esse,
1239 3588 1320 3643 quam
1333 3572 1389 3641 J'am
1403 3553 1571 3643 inspiritom
1582 3586 1694 3629 versatu
1707 3586 1767 3629 etse
1778 3568 1814 3627 la·

183 3666 359 3739 crueidgitor,
376 3669 440 3724 dum
461 3681 511 3736 per
525 3665 661 3737 potentias
679 3674 850 3722 restauratae
867 3667 976 3733 animae
1027 3666 1132 3738 telligit,
1144 3665 1332 3747 verumetiam
1341 3665 1428 3736 ipsum
1437 3663 1547 3734 depellit
1559 3660 1814 3721 neouabttenart·

184 3769 306 3817 sanatur.
320 3762 396 3817 iliius
406 3760 560 3829 passionum
572 3758 798 3843 phantasiich
809 3768 863 3825 est,
880 3759 977 3831 imagi·
1026 3776 1100 3815 muro
1111 3775 1181 3815 esse.
1195 3757 1231 3814 Ut
1241 3758 1313 3814 enim
1324 3773 1388 3813 earo
1399 3757 1487 3828 ipsias
1497 3758 1617 3815 exabata
1627 3764 1814 3817 casanaula

183 3850 265 3906 nibus
291 3866 382 3906 rerum
409 3848 594 3917 sensibilium,
621 3864 691 3922 quae
717 3852 745 3907 iu
768 3834 893 3909 sensibus
911 3868 976 3909 cor·
1027 3849 1054 3905 in
1067 3848 1389 3915 aniutnmrationabilem,
1399 3848 1435 3904 ita
1448 3846 1620 3906 rationabilis
1632 3848 1722 3921 lpsiua
1731 3850 1814 3909 talu

184 3939 285 4008 porcis,
300 3953 368 4009 quos
382 3937 519 4009 sapientes
533 3949 632 3997 roeaot
645 3941 795 4013 passiones,
811 3941 974 4010 formantur,
1028 3942 1055 3998 in
1074 3940 1239 3997 intellectum
1251 3950 1279 3998 et
1290 3942 1420 3999 subrecta
1435 3951 1478 3999 est
1498 3952 1527 3999 et
1544 3956 1691 4013 versatae
1736 3944 1814 4011 ritae,

185 4029 364 4100 cruciligitur‚
380 4030 444 4086 dom
457 4031 507 4098 eis,
520 4032 670 4102 phantastis
680 4034 750 4102 dieo,
762 4034 805 4091 soi
820 4049 916 4091 sensus
925 4036 977 4092 ob·
1027 4035 1073 4105 qui
1083 4034 1116 4088 ad
1127 4048 1188 4088 eum
1198 4032 1457 4104 periecteascendit,
1468 4035 1502 4090 ad
1512 3960 1815 4109 antrornsfffpfi»

184 4127 337 4186 struuntur,
348 4136 382 4177 ne
393 4122 420 4176 in
428 4121 566 4178 libidinem
577 4121 727 4194 cuiuspiam
740 4139 830 4180 rerum
843 4133 978 4195 tempora·
1026 4137 1080 4193 que
1089 4122 1225 4179 theoricae
1235 4123 1364 4178 scientiae
1377 4124 1404 4178 itt
1419 4124 1550 4196 mysteria
1560 4122 1817 4194 inductionem,rei·

184 4210 250 4269 lium
258 4226 360 4283 percos
369 4214 485 4286 turpiter
496 4215 660 4271 attrahatur.
671 4215 975 4288 hliuscogitatiootbm,
1027 4194 1817 4299 tui—aquodamChristianimaaditttellecturnlpsirtatraTa·

184 4301 337 4374 mentisque
345 4304 578 4374 conceptionibus,
587 4320 655 4377 quas
666 4320 715 4377 per
724 4320 821 4363 sensus
829 4321 977 4377 corporeos
1027 4308 1087 4364 vehi
1105 4292 1214 4365 neeesse
1228 4315 1280 4362 est.
1306 4305 1382 4363 Altus
1397 4307 1540 4363 abeodem
1558 4307 1657 4379 simpla
1672 4306 1816 4381 ttmbpca

183 4390 217 4450 de
228 4395 400 4453 sensibilibus
409 4396 492 4454 rebus
501 4398 639 4464 hauserat,
648 4397 978 4469 crucifigiturmediutius
1027 4397 1150 4463 scientia,
1164 4411 1234 4466 quae
1247 4396 1364 4451 maxime
1380 4395 1454 4452 eirea
1468 4394 1570 4452 christi
1585 4396 1755 4455 intellectura
1767 4395 1816 4455 cir·

184 4487 212 4544 in
229 4487 448 4556 eisdemoretur,
463 4490 589 4546 adivinis
602 4488 877 4561 contemplationibus
890 4499 978 4544 retra·
1028 4487 1216 4551 cumvolvitur,
1232 4488 1259 4541 io
1274 4486 1359 4557 ipsam
1381 4486 1529 4557 perlectam
1548 4496 1741 4561 mersumque
1757 4484 1818 4545 diri·

182 4588 255 4639 etos.
281 4580 358 4638 Alius
376 4581 531 4667 quum
550 4583 703 4655 phantasiis
721 4597 864 4650 sensuum,
871 4597 977 4669 „perum
991 4563 1094 4638 Dnam
1101 4579 1261 4635 intinitatem
1273 4593 1322 4648 per
1332 4579 1512 4649 negationem,
1526 4580 1665 4647 omnibus,
1678 4584 1819 4653 quaepefl

213 4674 386 4730 iamomnino
396 4676 462 4745 ipsis
471 4676 730 4733 omnibusseusibos
744 4674 871 4740 moritur,
883 4686 917 4730 ue
927 4689 977 4746 per
1030 4672 1114 4729 Deum
1140 4678 1214 4737 suot,
1239 4669 1369 4734 moriens,
1393 4668 1478 4725 reluti
1501 4686 1517 4725 a
1542 4670 1661 4743 quodam
1684 4670 1820 4731 intellecta

184 4776 255 4819 eost
274 4762 302 4819 lo
314 4780 408 4820 errore
422 4766 578 4821 seducatur.
597 4766 674 4823 Alius
687 4782 796 4823 omnem
815 4766 977 4824 naturaliter
1029 4760 1130 4818 Christi
1151 4760 1185 4815 ad
1208 4760 1293 4829 ipsios
1304 4757 1473 4814 divinitatem
1486 4749 1603 4833 mystice
1621 4760 1752 4819 uadit.
1773 4758 1821 4819 Sit

186 4851 398 4910 iamiiiaritatem
407 4866 434 4912 et
443 4856 663 4928 hobitum,quem
671 4873 721 4929 per
730 4872 978 4929 sensoscorporeos
1028 4854 1122 4927 Agnus
1139 4852 1187 4908 bei
1209 4852 1236 4907 in
1257 4849 1386 4907 cordibus
1408 4849 1528 4908 lidelium
1547 4860 1694 4921 mactator,
1718 4860 1750 4911 et
1765 4870 1822 4913 raa·

185 4942 221 4999 ad
234 4941 370 4999 sensibilia
383 4946 555 5014 possederat,
568 4946 651 5039 ueluti
666 4947 733 5017 ipsis
748 4947 875 5003 omnibus
889 4946 978 5003 croei-
1030 4948 1131 5001 ctaodo
1142 4942 1310 5011 vivificatum
1325 4942 1365 5002 sic
1377 4951 1519 5014 peecatum
1530 4946 1625 5003 mundi
1638 4946 1674 5005 ab
1683 4944 1763 5004 enni
1774 4944 1821 5003 bt·

187 5127 282 5190 luisse,
295 5134 324 5182 at
333 5128 440 5184 denum
454 5134 517 5199 post
530 5137 671 5197 peceatum
690 5130 838 5185 humanam
852 5135 977 5183 naturam
1031 5126 1820 5200 eternumquehattartponunuu,posteonseerutooen

186 5201 214 5256 in
228 5198 376 5253 masculum
391 5207 419 5253 et
430 5196 557 5254 leminam
571 5199 684 5255 divisam
695 5214 765 5256 esse.
784 5199 823 5255 Ex
834 5214 886 5269 qua
906 5199 976 5254 diri·
1034 5215 1086 5256 non
1098 5198 1184 5254 solum
1196 5208 1407 5264 sacratuentutn,
1418 5200 1466 5255 sed
1478 5200 1561 5256 etiam
1575 5215 1672 5259 rerunt
1685 5212 1821 5277 corporet

187 5271 264 5325 siotte
277 5284 390 5323 seruum
411 5278 503 5324 natam
516 5285 576 5325 esse
591 5271 699 5339 generis
721 5270 832 5326 humaui
848 5268 977 5340 tttultipli·
1031 5269 1190 5340 sanguinem
1203 5269 1306 5323 bomird
1318 5269 1404 5324 nostri
1413 5282 1491 5337 esse;
1505 5280 1531 5325 et
1540 5272 1700 5329 annaliter
1710 5290 1819 5333 noora-

187 5340 336 5404 catioucnt,
359 5353 429 5409 quae
444 5339 492 5394 irat
512 5340 685 5410 generatione
704 5358 751 5412 per
763 5341 977 5409 corruptionem.
1032 5341 1086 5396 lutu
1099 5348 1279 5404 sacramento,
1302 5341 1349 5394 sed
1368 5339 1526 5396 inveritate
1546 5342 1676 5399 manibus
1696 5346 1821 5403 noarde-

188 5408 274 5478 Quem
289 5424 408 5466 errorem
423 5408 540 5465 inlibris
556 5412 589 5463 de
604 5410 658 5465 div.
679 5410 739 5466 Nat.
764 5412 874 5466 uberius
897 5425 980 5481 expo-
1032 5420 1090 5465 tunt
1105 5408 1227 5474 tractari,
1242 5417 1270 5464 et
1287 5407 1373 5491 lrangi
1389 5417 1417 5464 et
1430 5409 1548 5477 fideliam
1565 5412 1689 5470 dentibus
1703 5416 1784 5473 atteri
1796 5434 1819 5473 a.

189 5480 253 5535 suit.
274 5480 441 5536 liecensctur
457 5480 500 5535 illa
525 5480 650 5535 doctriua
664 5482 689 5535 in
700 5482 926 5537 commentatione
946 5480 980 5535 de
1032 5481 1107 5548 Qttnc
1118 5481 1228 5551 quidem
1244 5479 1371 5549 despecte
1386 5480 1458 5534 dicta
1475 5490 1553 5548 sunt;
1568 5497 1632 5539 nam
1648 5484 1726 5541 mtto
1740 5488 1780 5543 rei
1789 5484 1820 5559 β

189 5546 216 5607 J.
228 5548 312 5605 Seoto
325 5566 405 5620 supra
420 5553 508 5621 posita
518 5550 548 5606 P.
562 5551 582 5606 il
599 5551 613 5623 ᾖ
628 5551 730 5622 bbsqq.
1031 5551 1154 5605 scissura.
1180 5549 1234 5605 Nec
1252 5564 1305 5603 non
1317 5548 1342 5604 J.
1367 5547 1464 5605 Scotus
1475 5565 1556 5622 sopra
1567 5552 1595 5608 iu
1605 5555 1821 5625 expositionibus

228 5619 288 5671 hliu
299 5619 935 5692 ineptiorem,quas,tcstehdreraldo,J.Scelus
946 5621 980 5676 de
1030 5620 1154 5676 caelestis
1173 5619 1326 5674 lerarchiae
1344 5620 1482 5682 docuerat,
1494 5623 1695 5681 sanctissimam
1715 5624 1820 5685 anlta-

192 5687 361 5742 sanctissima
374 5690 542 5748 Eucbaristia
556 5692 655 5754 docuit,
670 5693 791 5762 uestigia.
803 5692 918 5747 Ecetrtra
929 5691 980 5745 Be-
1031 5690 1136 5745 ristiam
1151 5690 1178 5743 in
1190 5690 1316 5743 interiora
1330 5698 1440 5744 notsroe
1459 5699 1564 5748 nottm
1577 5693 1772 5769 drumm,
1783 5694 1820 5753 d

192 5755 981 5825 rengariusttemaesubscriberedebuhlormoue:‹t>aueu
1035 5768 1152 5815 orarunt
1166 5759 1325 5829 ineffabilem
1337 5758 1538 5830 deificationem.
1820 5768 1824 5775 '
