3984 6534
5 5874 122 5969 θ’.

47 6140 56 6151 ι

143 367 196 423 915
832 361 975 422 loannis
993 362 1092 420 811011
1745 368 1785 424 tlt

144 482 174 536 in
198 478 273 535 nullo
286 478 386 547 quippe
404 477 476 532 bono
497 474 654 531 causaruali
675 474 863 532 constituenda
883 486 935 534 εει.
949 484 975 546 Α
989 477 1071 536 totius
1085 479 1220 536 sensibilis
1232 487 1376 536 creaturae
1384 477 1614 534 formositatem.
1631 478 1704 548 ortu
1715 483 1784 543 dierrr

146 569 274 632 Proinde,
294 567 318 621 si
337 565 440 620 nulium
459 573 599 635 peccatum
612 580 646 620 ex
670 565 837 622 naturalibus
849 567 938 623 oritur
986 572 1022 630 de
1034 572 1163 628 extremis
1179 571 1257 627 bonis
1278 568 1479 626 missibilibus?
1504 568 1611 626 Nonne
1631 571 1693 628 luce
1705 573 1784 633 dariis

146 659 247 723 causis,
270 655 464 727 quaerendum,
486 654 557 709 unde
578 655 683 724 accepit
700 656 879 711 occasionem.
903 655 938 712 Et
985 670 1047 728 snt,
1076 661 1148 732 qnod
1166 662 1205 717 eis
1230 661 1293 716 boni
1319 661 1412 726 bene,
1439 659 1514 715 mali
1540 674 1613 717 rero
1634 662 1704 719 rnaie
1721 675 1782 721 nm

146 754 170 808 si
192 752 254 822 quis
272 747 450 820 responderit,
472 748 543 818 qnod
558 761 652 804 rerum
670 756 698 801 et
717 747 865 803 verisimile
883 756 936 814 est,
987 754 1052 809 tur?
1073 752 1139 807 Boni
1158 752 1266 823 quidem
1284 751 1318 806 ad
1338 752 1449 807 laudem
1477 760 1509 806 et
1533 753 1700 809 servitutem
1717 757 1780 813 luae

147 842 386 916 probabilibusque
403 839 683 912 argumentationibus
695 840 868 912 approbatur,
883 854 937 896 nou
987 859 1047 899 rum
1072 843 1192 898 omnium
1213 840 1356 913 largitoris,
1374 842 1440 898 mali
1471 858 1545 899 nero
1568 844 1609 899 ad
1629 844 1780 916 perficimini

149 937 257 992 aliunde
277 934 411 1006 originem
432 932 556 989 ducere¹
573 941 727 1004 peccatum,
746 933 849 990 nisiex
868 933 938 989 irra-
987 933 1103 1004 impetus
1114 947 1180 989 suae
1188 946 1332 1002 perversae
1343 933 1524 1002 cupiditatis.
1534 933 1648 990 Causas
1658 938 1777 994 antenffi

148 1024 324 1082 tinnabilibus
337 1023 455 1080 motibus
471 1022 641 1078 rationabilis
659 1031 782 1089 naturae,
796 1021 940 1078 abusione·
986 1021 1777 1097 durabosionisasqusperversaeenpiditausflsiqruru

148 1132 202 1189 que
223 1114 301 1170 liberi
326 1112 431 1170 arbitrii
453 1113 535 1178 bono,
559 1113 688 1168 continuo
707 1112 843 1168 videbitur
869 1113 938 1168 irra-
987 1091 1119 1182 invenire,
1130 1114 1260 1172 sollicitus
1272 1125 1398 1184 quaerat.
1415 1115 1482 1188 Ego
1493 1124 1598 1172 autern
1612 1132 1776 1185 semirasus,

148 1204 287 1263 tionabilis
305 1212 395 1260 motus
417 1203 590 1259 occasionem
616 1201 644 1256 in
666 1211 763 1256 natura
785 1200 938 1257 rationabili
987 1204 1476 1279 incunctanterperspiciens¹⁸,'quod
1484 1219 1778 1282 nemoeaspotestrrpe

148 1299 314 1361 constituere
328 1296 349 1348 ¹.
359 1294 483 1351 lielatiro
495 1294 627 1363 siquidem
640 1292 721 1348 modo
747 1291 758 1324 ⁸
784 1292 938 1348 aestinrabi·
987 1297 1053 1354 rire
1060 1295 1173 1353 Utcuim
1183 1297 1282 1352 malurn
1293 1296 1435 1353 incausale
1441 1306 1507 1364 est,
1519 1306 1552 1354 et
1559 1298 1640 1354 nullo
1648 1299 1776 1356 neure

150 1403 193 1447 tur
212 1388 402 1462 pronunciare,
421 1372 636 1443 irrationabilem
648 1394 751 1440 motum
771 1383 940 1440 rationabilis
987 1387 1785 1460 nitur,undeest,itaet¹⁸naturalibusbouis¹⁸ffiritaabe„

148 1493 263 1538 naturae
283 1495 354 1546 csse,
376 1480 489 1548 ideoque
509 1493 544 1533 ει
566 1476 623 1546 ipsa
641 1476 812 1531 occasionem
829 1475 937 1533 ducere.
988 1477 1029 1534 sio
1042 1493 1076 1534 ex
1090 1478 1162 1533 nulla
1177 1479 1292 1535 naturali
1305 1480 1430 1535 nascitur
1443 1495 1556 1537 causa.
1565 1481 1629 1538 llos
1637 1483 1771 1547 antudm,

150 1573 227 1641 Quod
242 1573 264 1627 si
276 1572 313 1627 ita
331 1578 382 1636 est,
397 1575 507 1640 cogetur
520 1568 600 1622 etiarn
611 1566 700 1633 lateri,
714 1564 938 1623 irrationabilium
987 1570 1097 1626 beatum
1117 1570 1274 1643 ilionysinm
1294 1570 1502 1643 Areopagitam
1518 1573 1550 1627 in
1564 1573 1639 1629 libro
1657 1574 1688 1630 ds
1704 1573 1775 1629 dms

153 1674 276 1719 motuum
306 1677 402 1718 musas
427 1662 455 1717 in
481 1662 537 1717 ileo
564 1660 744 1731 praeeessisse
771 1660 793 1715 ⁸.
812 1660 880 1716 Nam
916 1662 939 1717 si
987 1656 1157 1727 Nominibus,
1180 1669 1207 1718 ct
1230 1661 1259 1717 S.
1283 1660 1427 1718 Aurelium
1454 1662 1656 1735 Augustiuurn
1683 1664 1777 1720 iailris

149 1760 239 1815 omnis
255 1757 386 1813 naturalis
404 1771 486 1812 causa
512 1754 681 1811 rationabilis
700 1763 815 1811 naturae
838 1754 866 1811 in
883 1754 939 1810 lieo
989 1749 1022 1805 de
1044 1750 1131 1807 libero
1155 1750 1276 1807 Arbitrio
1303 1767 1435 1822 sequens.
1477 1753 1615 1810 Stultum
1642 1754 1776 1826 quippsut,

149 1849 350 1911 substitutaest,
358 1843 521 1911 necessario,
530 1843 697 1915 quicquid‘ad
710 1859 769 1900 eam
778 1843 942 1908 reiertur‚ad
955 1839 980 1900 B
993 1853 1087 1896 eorum
1105 1856 1203 1897 causas
1228 1856 1370 1912 quaerere,
1401 1857 1482 1912 quae
1507 1843 1588 1900 nullo
1611 1860 1713 1917 genere,
1727 1844 1776 1900 da

149 1955 260 1996 causam
274 1937 331 2006 ejrrs
341 1936 485 1993 reseretur.
499 1933 548 1989 Sin
567 1943 657 1989 autem
671 1948 735 1989 uera
749 1933 819 1988 ratio
832 1933 939 1988 irratio-
991 1932 1077 1988 iorma
1098 1933 1142 1989 rel
1156 1934 1255 2005 specie,
1276 1933 1349 1989 nullo
1371 1951 1505 1993 numero
1533 1937 1685 2004 bonorum,
1703 1953 1777 2010 quasa

148 2032 265 2088 nabilem
282 2037 383 2084 motum
399 2042 451 2081 nnn
466 2025 579 2081 relativo
601 2024 732 2080 modoad
751 2024 939 2081 rationabilem
990 2039 1096 2080 summo
1118 2024 1189 2081 bono
1203 2033 1231 2081 ει
1240 2025 1381 2082 conditore
1407 2027 1550 2083 omnium
1563 2037 1593 2085 et
1610 2028 1716 2085 lactaet
1728 2030 1777 2083 ord

147 2133 275 2182 naturam
285 2122 392 2188 rcierri,
406 2120 453 2176 sed
463 2118 601 2175 omninno
616 2118 753 2174 contrario
766 2118 864 2189 opponi
877 2133 940 2189 pro·
990 2125 1144 2182 natasunt,
1163 2118 1347 2183 continentur,
1369 2118 1521 2188 quoniam
1541 2121 1656 2190 penitus
1676 2119 1777 2175 incauti
1818 2102 1820 2107 ⁵

148 2217 236 2272 tendit
250 2219 272 2280 ⁸,
287 2210 513 2284 quemadmodum
536 2208 721 2264 irrationabile
741 2209 878 2275 rationali,
897 2225 940 2264 rs·
990 2216 1018 2264 ει
1032 2207 1239 2264 insubstantiale
1252 2217 1295 2263 cst
1312 2222 1405 2271 omne,
1425 2209 1511 2279 qnod
1533 2211 1572 2265 ab
1589 2225 1625 2265 eo
1643 2209 1777 2266 lamus·
1818 2196 1820 2213 '

148 2306 279 2377 linquitur
294 2305 327 2359 ad
346 2301 559 2373 inquisitionem,
580 2299 652 2354 unde
671 2300 752 2370 igitur
771 2298 816 2354 ille
833 2299 942 2355 irratio·
991 2305 1042 2353 εει.
1058 2295 1128 2353 ilinc
1147 2297 1214 2353 mihi
1231 2297 1357 2353 ridentur
1379 2298 1498 2354 rectius
1524 2313 1623 2355 rerum
1639 2299 1779 2369 proprisam
1818 2328 1820 2365 ÷

150 2399 248 2454 nabilis
271 2406 371 2461 motus,
396 2395 423 2448 in
448 2408 501 2462 qun
522 2406 604 2446 causa
628 2392 732 2460 pcccati
755 2392 940 2460 constituitur,
991 2389 1175 2455 considerare,
1188 2389 1234 2459 qui
1251 2389 1355 2455 dicunt,
1370 2389 1571 2449 libidinosum
1589 2393 1778 2464 appetitamssr
1818 2382 1820 2393 '

149 2487 282 2559 originem
303 2478 395 2541 ducit?
412 2482 470 2550 ern
495 2483 522 2536 in
543 2481 603 2536 ioco
625 2480 692 2535 nihil
712 2481 784 2536 aliud
803 2481 940 2537 uerisimi·
991 2494 1082 2539 autem
1094 2482 1192 2538 malam
1205 2482 1371 2537 voluntatem
1388 2483 1609 2556 suppliciorum
1622 2497 1777 2547 num&

150 2578 203 2633 lius
216 2575 330 2640 occurit,
348 2574 376 2629 in
393 2588 446 2643 quo
457 2587 540 2628 causa
556 2571 749 2628 irrationabilis
761 2581 849 2629 motus
860 2573 940 2628 intel·
992 2590 1027 2630 nc
1039 2575 1101 2645 quis
1110 2575 1249 2630 existimet
1263 2573 1332 2630 duas
1345 2573 1522 2633 uoluntates
1546 2578 1577 2634 in
1594 2593 1648 2634 nna
1664 2576 1778 2645 saturn

150 2669 265 2741 ligatur,
300 2676 407 2738 praeter
437 2663 606 2720 naturalibus
634 2663 713 2720 honis
739 2663 751 2694 ⁸
781 2665 940 2722 abusionem
991 2675 1089 2726 natura
1103 2666 1311 2739 comprehendi,
1327 2669 1527 2751 usstfllljtlem
1547 2669 1779 2741 maturarent

151 2761 249 2819 divinis
265 2759 369 2832 legibus
385 2756 560 2827 prohibitam,
576 2755 647 2825 quod
662 2755 801 2826 proprium
816 2764 858 2811 εει
878 2771 941 2825 per-
992 2758 1080 2824 mala,
1095 2759 1160 2813 tium
1173 2772 1227 2812 una
1237 2757 1363 2813 voluntas
1377 2757 1569 2818 humanitati
1589 2761 1656 2825 best.
1672 2758 1780 2831 paris

149 2868 245 2909 versae
271 2859 301 2907 et
317 2849 426 2905 illicitae
448 2846 604 2917 cupiditatis
626 2844 837 2916 uniuscujusque
862 2845 941 2902 liberi
992 2863 1074 2919 saepe
1101 2847 1129 2903 in
1153 2850 1235 2914 bono,
1259 2862 1341 2918 saepe
1362 2847 1390 2902 in
1416 2848 1501 2905 malo
1528 2846 1777 2923 accipitralibido

151 2945 267 3010 arbitrii,
283 2945 354 3000 bono
370 2940 441 2997 male
462 2940 572 3011 utentis.
587 2938 671 3010 Cujus
688 2937 827 2994 abusionis
849 2951 941 2995 esem·
992 2947 1084 2994 autem
1094 2939 1246 3015 anm
1261 2938 1436 2995 naturalibus
1451 2939 1548 2997 bonis
1569 2937 1777 2997 ambusti

150 3037 194 3107 pla
219 3047 274 3091 tam
294 3036 351 3092 lats
374 3042 476 3106 patent,
495 3043 524 3088 ut
539 3033 628 3089 nullos
647 3032 733 3088 ierme
754 3032 799 3098 sil,
822 3033 869 3103 qui
887 3047 941 3088 non
992 3037 1048 3095 tur,
1061 3028 1258 3103 regu-ruptim
1274 3037 1321 3084 aut
1333 3028 1378 3083 uix
1391 3037 1445 3085 aut
1458 3047 1619 3103 uunquam
1634 3033 1660 3088 in
1674 3028 1777 3102 agriita

151 3128 210 3196 ipsa
229 3127 256 3179 in
271 3126 360 3194 seipso
373 3125 508 3180 uberrime
527 3125 643 3194 probare
662 3122 756 3194 possit.
774 3121 827 3177 Sed
843 3129 940 3178 notan·
993 3118 1067 3173 tione
1090 3114 1154 3172 boni
1178 3116 1207 3172 in
1223 3117 1314 3173 diuina
1340 3116 1495 3186 Scriptura
1524 3121 1676 3192 reperitur.
1692 3116 1776 3174 bars

151 3218 226 3281 duur,
241 3215 377 3270 nerninem
396 3215 507 3270 summis
525 3225 639 3271 naturae
653 3223 763 3270 nostrae
779 3211 857 3269 honis
870 3210 940 3267 male
953 3193 978 3258 C
992 3208 1098 3278 primus
1116 3207 1209 3274 homo,
1224 3208 1252 3264 in
1274 3222 1328 3279 quo
1348 3223 1449 3265 omnes
1471 3222 1682 3280 peccaverunt,
1696 3208 1773 3264 ibidus

151 3309 192 3364 uti
209 3307 309 3362 ualere.
331 3305 465 3360 Naturalis
485 3306 618 3374 siquidem
640 3306 727 3359 virtus
743 3304 872 3369 essentia,
886 3303 941 3358 rir-
994 3299 1150 3358 dominandi
1163 3300 1220 3357 et¹⁸
1233 3316 1315 3371 super
1335 3300 1429 3356 omnia
1446 3303 1604 3360 exaltandi
1619 3305 1772 3375 dsoepmst

151 3410 209 3458 tute
228 3411 257 3456 et
276 3399 432 3469 operatione
454 3396 555 3453 nullum
578 3397 643 3452 sinit
665 3398 749 3463 abuti,
763 3397 834 3452 sicut
854 3410 942 3467 neque
994 3403 1074 3463 atque
1086 3392 1472 3464 peccaritsuadentediabolo
1494 3411 1535 3452 ac
1548 3398 1681 3455 dicente:
1696 3394 1773 3465 laps

151 3488 468 3563 sapientiaetintellcctu
481 3487 635 3553 atratinus,
648 3486 854 3558 quoniambaec
867 3495 940 3554 sunt,
994 3502 1094 3556 canosa
1116 3487 1160 3541 die
1181 3487 1345 3542 comederitis
1374 3502 1407 3541 sa
1431 3503 1488 3554 co,
1515 3491 1664 3561 prohibito
1685 3487 1774 3546 riffloet

152 3595 223 3652 qnae
237 3577 411 3649 principalem
428 3584 543 3633 naturae
557 3586 666 3632 nostrae
682 3577 822 3646 possident
838 3578 940 3632 sedem.
994 3579 1077 3650 liguo,
1091 3578 1242 3649 aperientur
1258 3578 1328 3633 oculi
1339 3577 1430 3645 uestri,
1447 3589 1473 3634 ει
1489 3583 1773 3648 “instimulatione

153 3673 249 3729 liediis
261 3680 351 3728 autom
366 3679 480 3726 naturae
493 3669 581 3735 bonis,
593 3677 624 3724 ut
636 3677 678 3724 est
691 3667 827 3739 ingenium
841 3677 869 3725 et
883 3683 944 3725 sen·
995 3680 1032 3726 tes
1045 3670 1140 3725 honum
1158 3678 1182 3724 et
1204 3669 1313 3724 mutum.
1333 3667 1357 3725 0
1378 3680 1487 3740 quanta
1505 3672 1600 3730 libido
1619 3668 1773 3745 superbiatis

153 3780 201 3821 sus
215 3763 386 3835 corporis,ct
405 3761 465 3833 ipso
482 3773 594 3830 corpore
614 3757 797 3830 extremisque
811 3759 899 3824 bonis,
914 3767 944 3815 ut
995 3764 1041 3820 illo
1057 3771 1129 3829 erat,
1147 3762 1256 3833 quiana
1277 3762 1378 3819 uirtute
1399 3763 1474 3819 neus
1498 3781 1569 3822 cssc
1590 3760 1773 3838 cupiebatllm

153 3864 217 3913 sunt
236 3869 278 3921 ea,
291 3869 360 3927 quae
373 3863 450 3910 extra
471 3867 520 3908 nos
534 3859 597 3907 sunt
617 3851 645 3905 in
669 3864 760 3907 rerum
774 3850 943 3907 sensibilium
995 3869 1059 3925 ergo
1079 3868 1244 3925 paganomm
1266 3853 1401 3924 impietas,
1416 3854 1461 3910 rel
1483 3854 1663 3913 iudaeorum
1680 3853 1773 3928 peridis

152 3947 295 4003 ordinibus
316 3946 473 4010 constituta,
497 3954 525 4000 ει
538 3943 606 4001 bene
629 3944 669 4000 uti
688 3952 717 4000 ει
735 3942 805 4001 maie
823 3952 944 4016 potestas
994 3947 1037 4003 nel
1050 3946 1163 4001 aliarum
1178 3945 1315 4000 nationum
1330 3944 1454 4002 fabulosa
1471 3947 1705 4006 deliramentaer
1717 3954 1773 4000 natt-

155 4037 245 4091 datur.
261 4035 399 4105 Ingenium
417 4034 516 4105 quippi
533 4035 656 4091 Balbillo
673 4036 773 4091 bonum
790 4044 842 4102 θεῖ,
858 4035 944 4091 homi·
994 4043 1097 4100 nulibus
1109 4042 1211 4106 causis,
1224 4040 1271 4097 sed
1285 4055 1319 4096 ex
1333 4039 1488 4097 libidinosis
1499 4044 1702 4116 cupiditatibus
1711 4052 1773 4095 mi·

155 4128 317 4197 nibusquea
336 4127 392 4182 beo
402 4127 493 4181 datum
505 4126 540 4181 ad
561 4129 765 4198 cogitanda'et
783 4129 944 4184 invenienda
996 4149 1056 4191 rum
1086 4133 1279 4206 cogitationum
1311 4132 1485 4203 produxere,
1517 4137 1643 4210 ideoque
1671 4129 1774 4192 innuit

155 4217 233 4285 utilia
245 4227 273 4274 et
287 4218 411 4274 honesta.
427 4217 484 4272 m·
503 4224 592 4273 tannen
605 4233 734 4289 peruersa
745 4218 871 4275 noluntas
885 4218 943 4275 eo·
994 4242 1089 4283 eornm
1111 4233 1208 4282 natura
1230 4225 1369 4296 punietur,
1385 4224 1432 4281 sed
1456 4225 1561 4283 libido.
1586 4227 1681 4285 Omnia
1697 4225 1774 4296 qnippe

153 4311 286 4377 abutitur,
295 4324 429 4381 quaerens
441 4309 551 4366 nocivas
563 4318 590 4367 ει
601 4310 767 4379 perniciosas
776 4312 943 4379 occasiones,
994 4319 1071 4384 vista,
1093 4333 1163 4388 qnae
1180 4317 1325 4374 virtutibus
1344 4318 1484 4373 mntraria
1512 4331 1596 4386 sunt,
1619 4327 1774 4384 ιιειιιιιιιιι

153 4402 251 4473 quibus
272 4400 387 4472 decipiat
407 4408 434 4456 et
447 4400 542 4470 perdat
560 4415 627 4471 quos
648 4401 771 4472 decipere
792 4408 820 4457 et
832 4403 944 4473 perdere
994 4422 1168 4478 corrumpere
1189 4415 1326 4478 appetunt,
1338 4407 1459 4477 generali
1477 4406 1499 4439 ¹¹
1519 4408 1649 4466 libidinis
1664 4403 1773 4462 rombuit

153 4494 237 4565 cupit.
249 4492 394 4551 Oculomm
409 4506 514 4558 sensus,
526 4500 556 4547 ut
569 4492 602 4547 de
615 4491 713 4548 ceteris
732 4501 848 4558 taceam,
863 4500 943 4548 natu·
995 4499 1084 4554 solent
1099 4498 1238 4569 appellari.
1252 4498 1418 4569 Turpissima
1433 4496 1534 4568 itaque
1550 4499 1772 4570 libido¹impimu

153 4585 210 4642 rale
229 4587 330 4642 honum
342 4592 395 4651 est,
406 4592 463 4640 eta
482 4584 537 4639 lieo
552 4583 643 4639 datum
659 4582 693 4638 ad
705 4582 853 4654 corporalis
874 4571 1023 4646 lucisDin
1048 4587 1177 4644 tainorum
1204 4587 1321 4643 Deorum
1351 4587 1443 4651 cultu,
1465 4588 1688 4660 perfidamque
1704 4583 1771 4639 ¹'iu-

154 4677 347 4746 iioeliiifflems
367 4684 399 4731 ¹¹⁸
412 4691 461 4746 per
473 4690 534 4732 ⁰⁸⁰¹
550 4683 578 4731 ii
598 4675 627 4731 1¹1
647 4691 679 4732 ιθ
694 4674 833 4731 wimiis
852 4675 942 4731 anim·
996 4681 1123 4736 dacorum
1138 4676 1161 4711 ¹⁹
1176 4677 1203 4733 in
1226 4679 1368 4749 negatione
1379 4678 1518 4747 veritatis,
1540 4683 1704 4752 aliarumque
1715 4691 1770 4749 get·

154 4766 258 4822 lormas
274 4775 304 4821 et
329 4767 433 4837 specics
457 4781 638 4837 numerosque
660 4767 826 4824 sensibilium
851 4781 942 4822 rerum
996 4771 1063 4828 tium
1090 4772 1117 4826 in
1144 4769 1294 4827 lnbuianrm
1319 4770 1464 4826 ludibrium
1478 4771 1502 4804 ¹⁸
1533 4771 1721 4834 deliramentis.
1744 4767 1767 4820 5¹¹

154 4857 419 4925 discernendumque
429 4857 517 4915 licitos
529 4873 593 4916 suos
604 4876 670 4917 usus
682 4875 717 4917 cx
729 4860 769 4918 eis
778 4857 943 4933 acciperet¹⁰
995 4861 1150 4918 vanissimis
1170 4861 1320 4932 phantasiis
1341 4877 1444 4927 corum,
1462 4878 1537 4933 quae
1564 4870 1619 4926 sibi
1636 4869 1712 4924 tumn
1724 4863 1767 4917 in·

154 4962 250 5007 rerum
263 4954 311 5002 aet
322 4946 380 5016 ipso
394 4947 464 5003 male
477 4949 633 5017 abutuntur,
648 4952 695 5022 qui
705 4952 847 5008 libidinoso
864 4965 944 5022 appe·
996 4963 1074 5026 grint,
1087 4955 1150 5010 dum
1169 4952 1235 5009 nibil
1248 4954 1276 5009 in
1294 4953 1333 5009 cis
1348 4953 1486 5010 irruenient
1504 4968 1621 5027 praeter
1640 4960 1768 5026 incompre-

155 5041 207 5097 titu
230 5036 378 5095 visibilium
396 5036 544 5093 formarum
556 5040 784 5108 pulchritudinem
798 5051 941 5112 appetunt,
996 5045 1142 5102 bensibiles
1154 5044 1271 5110 umbras,
1285 5044 1422 5115 suppliciis
1440 5045 1615 5118 relinquitur
1633 5049 1766 5120 torquenda

154 5135 227 5192 sicut
240 5132 278 5189 ait
292 5129 422 5187 Dominus
437 5131 464 5186 in
486 5131 630 5202 Evangelio
645 5150 654 5188 r
674 5131 726 5200 Qui
744 5134 836 5189 uiderit
848 5133 943 5189 mulis·
996 5135 1173 5192 universitate
1181 5137 1368 5191 naturnmm¹¹
1376 5136 1511 5192 bonorum
1524 5140 1666 5214 totiusque
1676 5147 1768 5194 murae

154 5241 208 5282 rens
226 5224 261 5280 nd
275 5221 509 5293 concupiscendum
530 5239 599 5290 eum,
616 5222 675 5294 jam
695 5225 846 5280 moechatus
864 5234 902 5280 est
915 5225 943 5280 in
996 5225 1079 5283 allen
1092 5236 1199 5284 creatae
1214 5227 1330 5298 integra,
1342 5227 1512 5297 plenissima,
1526 5229 1711 5304 impunitaque
1719 5239 1768 5297 ptr·

154 5317 232 5373 sonis
252 5331 312 5382 ssu,
335 5313 476 5372 mulierem
488 5312 613 5372 videlicet
632 5316 768 5389 appellans
782 5316 944 5390 generaliter
995 5325 1131 5374 manente.
1166 5317 1292 5374 Ceterum
1320 5316 1452 5388 generalis
1489 5322 1617 5378 omnium
1647 5319 1778 5390 impioram

803 5408 932 5464 vimine
950 5405 1152 5464 uberrumos

191 5497 490 5558 'SicCthsumern
528 5497 599 5554 'Sic
612 5498 706 5566 ΟΜ
723 5507 880 5554 construere.
919 5494 985 5552 ⁸stc
999 5497 1222 5566 cibandum
1236 5498 1376 5569 siquidem.
1412 5497 1598 5567 *sicem
1620 5503 1702 5558 silea
1718 5515 1768 5569 pst·

154 5572 270 5625 musicas.
308 5567 380 5625 'Sic
402 5570 463 5636 ciij
483 5568 661 5625 Acontsndit.
700 5568 771 5624 'Sic
790 5567 849 5636 (Ἐς
873 5567 893 5622 Α
915 5568 1044 5623 nostratis
1065 5569 1134 5624 bosri.
1170 5567 1245 5624 'Sic
1268 5569 1326 5630 CF:
1347 5571 1406 5622 het
1417 5571 1576 5641 cogitanda.
1615 5570 1768 5628 'Etomh

155 5637 348 5694 ’heutamcn
371 5655 398 5710 p.
422 5656 449 5696 a.
474 5641 603 5696 abutitur.
641 5640 663 5672 ¹·
685 5637 974 5707 SicGF3Aoccipiet.
1013 5639 1071 5695 “A
1093 5640 1120 5693 in
1142 5638 1190 5693 eis.
1229 5640 1416 5706 “cupiditatis
1440 5643 1573 5699 0111.OE
1614 5639 1768 5712 ‘'ltprsapr'·

156 5704 236 5760 clena.
285 5706 415 5789 iietum.
434 5710 467 5764 h.
506 5711 707 5766 “huotumiis
727 5710 795 5764 honi.
835 5710 857 5742 ¹⁸
867 5708 909 5764 CF
924 5723 965 5762 us.
1003 5708 1065 5764 ”A
1091 5707 1256 5782 generaliter.
1294 5711 1316 5744 ¹⁸
1335 5710 1542 5780 Aperfidcruns.
1583 5718 1606 5756 ¹·
1625 5715 1767 5770 imaum

157 5787 212 5830 oru.
227 5775 249 5830 h
302 5777 325 5808 ¹·
336 5775 448 5847 διαθῇ
463 5779 484 5834 h
502 5780 630 5849 {nisurum
644 5781 790 5838 libidinum.
826 5780 850 5813 ¹¹
864 5777 1069 5837 hnutursliunr.
1293 5791 1298 5799 ·
