3984 6534
74 494 104 549 cr
485 446 953 552 naurnnlrnnutmnst.
974 488 1287 550 suoru-asnsu.
1671 502 1707 559 ss

74 606 175 661 merito
188 605 229 661 sic
246 602 566 678 appellanturquonlam,
583 605 703 662 Pateria.
724 619 750 661 e.
768 605 868 676 princi·
881 614 906 674 Α
918 619 951 662 er
962 604 1042 661 Patre
1062 604 1183 676 (idquod
1200 621 1286 676 usque
1298 607 1334 664 ab
1345 607 1420 663 omui
1432 608 1593 666 aeternitate
1603 608 1705 669 iactum

74 700 149 768 pium
163 697 485 767 omniumiullerbosuo,
496 699 635 771 unigenito
646 698 771 756 videlieet
783 698 862 767 l'ilio,
914 704 967 772 cst)
989 698 1078 757 tecue
1098 709 1163 756 sunt
1175 701 1437 770 praedestinationes
1459 703 1650 761 substantiales
1664 706 1704 776 (b.

73 790 195 845 ninnium
207 806 299 847 rerum
312 792 444 860 rationes,
457 807 525 864 quas
546 791 686 849 iaciendas
696 804 756 849 esse
768 792 863 859 soluit,
913 807 940 848 e.
954 806 1054 848 causae
1069 791 1269 863 primordiales)
1293 793 1320 849 in
1336 793 1418 850 verbo
1431 793 1490 851 bei.
1503 794 1607 854 liaustu
1621 796 1707 868 siqui-

72 880 231 955 priusquam
247 882 294 940 res
305 880 412 952 liereut,
426 882 621 956 praeformavit
633 896 656 937 r.
669 881 714 954 (ll,
729 883 756 938 ἱ.
770 882 827 955 ὅθι)
914 885 974 942 dem
990 883 1178 956 primordiales
1187 883 1261 940 Patri
1275 893 1303 940 et
1318 882 1388 942 Filio
1402 895 1560 944 ooeamruas
1572 902 1633 945 esse
1647 901 1708 947 ero-

464 996 509 1052 sl.

112 996 523 1179 ‹Gausaeigiturprimorfliales
531 1124 672 1182 quumnon
682 1108 862 1181 quarundam,

912 976 1003 1031 dimus
1016 995 1027 1029 r
1040 974 1095 1048 till,
1108 975 1143 1032 lli
1153 993 1161 1043 ;
1173 975 1207 1042 ll,
1220 974 1291 1032 20—
1300 975 1359 1050 il.)

950 1068 1004 1125 Sed
1022 1066 1132 1136 Suetus,
1158 1069 1210 1125 etsi
1232 1069 1275 1124 bie
1290 1068 1358 1125 loeis
1378 1070 1480 1128 diserte
1497 1071 1586 1139 dixit,
1607 1086 1707 1131 causas

72 1197 124 1251 sod
135 1197 257 1253 omnium
271 1197 412 1254 visibilium
422 1196 650 1270 invisibiliumque
661 1214 751 1255 rerum
766 1213 864 1255 causae
912 1162 1101 1232 ⁹s³m⁰sdi²¹²⁸
1107 1160 1182 1217 Pam
1189 1160 1210 1216 F
1212 1161 1312 1234 ilio‘1⁴¹0
1318 1177 1380 1220 0⁸⁸0
1390 1181 1400 1215 Ι
1410 1173 1569 1222 ΙΙΙΘΙΙΠΙΙΙ
1579 1184 1604 1233 a,
1614 1173 1706 1221 tamen

71 1289 138 1356 sint,
154 1278 269 1347 admeto
280 1280 509 1349 carmutnecmse
526 1300 577 1349 est
592 1291 759 1363 Qunrnquam
772 1301 863 1348 autern

71 1396 161 1452 neque
184 1391 289 1438 certum
309 1384 429 1439 ordinem
451 1378 561 1451 babeant,
586 1383 623 1440 lta
646 1394 675 1441 ut
696 1385 808 1457 quaeris
829 1400 863 1440 ex

69 1471 193 1541 ipsarum
215 1482 329 1528 numeru
345 1473 433 1544 prima
447 1486 508 1531 esse
519 1475 626 1545 meets,
647 1473 677 1531 S.
695 1482 786 1532 nmen
801 1474 864 1531 bio-

69 1655 142 1711 tuit:
162 1652 257 1712 Perse
275 1654 363 1728 ipsam
377 1654 496 1727 bonine
515 1664 605 1729 petae
625 1659 712 1730 ipsum
731 1659 862 1726 essartis,

66 1747 261 1823 perseipsum
276 1748 342 1814 rita,
363 1762 412 1819 per
426 1763 456 1805 se
469 1749 553 1821 ipsam
575 1749 656 1816 ratio;
670 1764 718 1820 por
732 1764 761 1807 se
775 1749 862 1820 ipsam

66 1838 260 1910 intelligentia,
283 1855 376 1911 perse
401 1840 486 1911 ipsam
502 1841 644 1912 supientia,
671 1842 860 1913 perseipsum

67 1931 166 1996 uirtus,
181 1942 272 2002 perse
283 1929 391 2002 (ipsam)
404 1931 553 1998 beatitudo,
575 1947 624 2003 per
637 1947 667 1989 se
686 1931 859 2003 ipsam‘ueri·

68 2031 123 2088 tas,
132 2030 222 2093 perse
235 2022 321 2094 ipsam
335 2022 484 2079 uetermtas
493 2022 541 2096 le).
552 2023 642 2094 Atque
657 2023 693 2079 ita
706 2023 777 2081 iuter
792 2038 858 2080 cau·

64 2130 113 2174 sas
134 2116 329 2188 primordialem
343 2132 412 2188 quas
425 2132 515 2175 rerum
528 2119 649 2176 oninium
661 2120 794 2192 principia
819 2121 860 2176 di·

65 2210 124 2265 uini
138 2208 275 2282 sapientes
287 2210 439 2282 appellant,
461 2220 524 2267 sunt
535 2226 630 2268 omnes
643 2211 757 2268 uirtutes
768 2226 801 2269 ac
814 2226 859 2267 ra·

65 2302 155 2358 tiotlcs
169 2301 220 2372 (dl,
233 2308 302 2374 quas
325 2302 409 2358 semel
426 2310 454 2358 et
472 2303 553 2359 eirnul
564 2302 645 2359 Pater
658 2302 760 2359 lecitin
779 2303 857 2368 Filio,

62 2402 91 2449 et
104 2390 255 2450 secundant
276 2406 348 2465 quas
369 2395 436 2450 orde
458 2394 580 2449 omnium
603 2408 730 2450 rerume
752 2408 859 2450 summo

63 2498 151 2556 usque
163 2484 411 2551 deorsumteritur,
427 2487 479 2543 boc
489 2495 542 2554 est,
552 2487 588 2543 eb
599 2486 773 2544 intellectuali
783 2501 859 2543 crea·

63 2587 137 2644 tura,
163 2592 235 2649 quae
254 2578 311 2635 [leo
322 2585 384 2651 post
399 2579 485 2635 boun
503 2588 545 2635 est
559 2579 701 2649 prorlma,
726 2578 859 2650 usquead

60 2674 221 2724 eatreruunt
242 2674 336 2725 rerum
358 2668 480 2726 mulum
501 2669 646 2737 ordinent,
671 2684 726 2740 quo
745 2683 859 2739 corpora

60 2760 242 2817 continenter
255 2760 282 2815 la
298 2758 352 2832 (lli,
371 2760 416 2828 ΙΙ)
431 2758 443 2815 Ι
457 2775 467 2828 t
479 2759 511 2829 tl,
526 2759 585 2831 36.)

101 3010 111 3044 r
127 2972 281 3069 visibilium
299 3005 392 3049 rerum
405 2972 496 3047 causis
514 2986 734 3061 primordialibus
747 2989 857 3045 esteri-

60 3084 121 3139 nna
144 3062 290 3150 subtilitas,
304 3062 449 3139 'ineffabilis
462 3091 576 3138 naturae
590 3080 749 3154 simplicitas
769 3093 857 3153 eaque

60 3173 230 3240 obscuritas,
243 3158 396 3243 quaenuilo
408 3164 509 3228 coloris
531 3170 643 3239 luutlrre,
667 3170 739 3227 bulla
756 3170 857 3226 lorma·

61 3282 125 3321 rum
151 3254 315 3321 discretione
341 3264 375 3321 sit
399 3246 556 3320 declarata:
581 3261 769 3319 intellectualis
793 3276 857 3319 vero

914 1255 975 1310 aliis
1002 1254 1070 1311 locis
1097 1254 1258 1321 conteudit,
1276 1253 1351 1325 ipsus
1372 1270 1427 1312 non
1451 1257 1563 1313 otunino
1577 1255 1621 1313 luis
1644 1271 1706 1313 esse

916 1365 925 1397 a
949 1354 1106 1401 coaeternas
1127 1364 1150 1400 s.
1177 1364 1187 1397 a
1210 1345 1273 1401 ldeo
1287 1343 1383 1418 terrim)
1401 1363 1424 1412 t,
1437 1346 1489 1412 ait,
1512 1360 1635 1403 «causas
1647 1346 1705 1418 pri·

913 1435 1058 1492 mordlelcs
1071 1437 1128 1494 lieo
1142 1437 1257 1493 dicimus
1278 1448 1449 1506 coaeternas,
1471 1439 1535 1509 quio
1556 1453 1662 1510 semper
1677 1439 1706 1495 iu

68 1564 165 1636 mm
175 1562 249 1635 mm,
274 1573 305 1621 m
317 1562 431 1632 fldem,
457 1566 507 1625 lm
520 1566 615 1624 dm
636 1568 737 1639 prium
759 1568 863 1624 mm·
889 1529 969 1630 ·l)eo
985 1530 1044 1584 sino
1057 1529 1112 1585 ullo
1133 1532 1275 1601 temporali
1303 1533 1437 1603 principio
1459 1533 1622 1600 subsistunt,
1646 1533 1707 1591 ideo

913 1619 963 1690 apsi
978 1634 1031 1674 aon
1047 1628 1217 1687 coaeternas,
1232 1622 1297 1691 quia
1316 1637 1369 1677 nou
1382 1637 1400 1677 n
1413 1637 1443 1678 se
1456 1622 1531 1693 ipsis,
1554 1623 1604 1681 sed
1625 1637 1707 1680 aeuo

913 1721 1036 1768 creatore
1047 1713 1181 1785 incipiunt
1189 1729 1262 1781 esso,
1274 1715 1332 1785 lpse
1343 1728 1407 1771 vero
1417 1723 1526 1773 creator
1539 1712 1614 1771 nullo
1625 1716 1707 1773 modo

913 1803 1077 1873 incipitesse
1095 1823 1118 1859 s.
1138 1804 1187 1861 list
1207 1814 1297 1862 auteur
1317 1806 1370 1862 bae
1382 1804 1452 1862 illius
1466 1806 1506 1863 rei
1526 1805 1706 1878 explicatione

914 1896 1001 1968 iringis
1020 1897 1101 1951 etlam
1114 1897 1237 1955 rnlranda
1249 1897 1321 1954 ratio
1332 1899 1476 1968 quaedam,
1490 1913 1560 1968 quae
1573 1899 1637 1955 huic
1654 1897 1706 1970 ipsi

874 1975 898 2034 Β
912 1986 1084 2057 explicationi
1096 1996 1138 2044 est
1148 1987 1268 2058 adjecta:
1286 2008 1296 2041 a
1312 1990 1341 2045 Si
1356 1991 1384 2046 iu
1395 1992 1452 2060 ipsa
1466 2006 1547 2048 musa
1560 2005 1705 2047 causarum

911 2078 1043 2145 omniurn,
1061 2079 1089 2133 in
1102 2078 1132 2133 Se
1148 2077 1291 2146 lumitate,
1307 2081 1441 2150 quaedam
1461 2081 1622 2153 intelligitur
1639 2095 1704 2151 pro-

911 2170 1045 2224 cessiu-
1061 2169 1152 2224 licitas
1165 2172 1238 2226 enirn
1260 2172 1374 2241 gignens
1385 2182 1413 2227 et
1436 2174 1546 2229 uaitteus
1568 2173 1707 2242 praeeedit

911 2258 1029 2327 genitam
1047 2265 1076 2312 et
1094 2258 1296 2327 procedentem,
1315 2261 1377 2315 dum
1396 2261 1433 2315 sit
1446 2274 1499 2315 uua
1521 2268 1549 2315 et
1564 2261 1704 2331 insepara-

911 2348 973 2404 bilis
989 2348 1081 2403 lleitas
1092 2378 1129 2389 -
1143 2362 1196 2404 nou
1212 2350 1377 2416 minumum,
1394 2360 1441 2407 aut
1457 2350 1623 2416 incredibile,
1640 2366 1704 2406 cau·

910 2455 1002 2496 snrum
1032 2441 1154 2497 omniurn
1175 2457 1286 2499 causam
1315 2444 1480 2515 praecedere
1509 2460 1562 2511 ea,
1587 2460 1704 2516 quorum

910 2546 990 2589 cause
1015 2541 1059 2590 est
1074 2552 1097 2588 s.
1125 2534 1170 2606 (de
1195 2534 1249 2591 dir.
1277 2534 1339 2591 Nat.
1363 2536 1395 2604 ll,
1420 2537 1471 2604 ΙΙ,
1497 2538 1542 2605 lll,
1574 2538 1590 2593 a·
1615 2539 1704 2611 seqq.)

913 2621 1107 2694 «Quamquam
1127 2633 1218 2683 autern
1244 2626 1420 2698 capinequit,
1444 2628 1579 2699 quomodo
1605 2645 1706 2689 causae

909 2714 1098 2784 primordiales
1111 2723 1137 2772 et
1159 2718 1248 2774 sactae
1262 2729 1289 2772 et
1303 2726 1431 2774 aeternae
1454 2719 1557 2790 possint
1571 2736 1642 2786 esse,
1661 2735 1706 2777 res

910 2810 1000 2858 larrreu
1027 2803 1176 2859 illustratur
1200 2806 1325 2877 exeruplo
1348 2792 1539 2873 numerorum,
1553 2809 1599 2878 qui
1623 2808 1703 2863 simul

909 2896 1013 2952 aeterni
1037 2906 1138 2953 suntet
1155 2896 1241 2953 lacti:
1265 2898 1370 2954 aeterni
1391 2899 1420 2953 in
1444 2901 1569 2965 rnorrade,
1595 2897 1660 2954 lacti
1674 2899 1702 2954 iu

908 2989 1033 3045 monadis
1046 2988 1270 3059 multiplicatione
1283 3007 1306 3042 s.
1322 2988 1376 3060 llll,
1393 2991 1424 3044 ΙΙ
1438 2983 1527 3061 seqq.)

1264 3124 1278 3197 p
1302 3121 1348 3178 ΙΙ.

945 3232 1012 3292 Viva
1022 3234 1105 3308 igitur
1115 3235 1160 3291 illa
1174 3234 1244 3310 (sup.
1257 3234 1327 3310 pili)
1338 3236 1459 3292 omnium
1471 3237 1602 3293 virtutium
1617 3238 1702 3295 ratio·

60 3360 204 3419 essentiae
215 3374 313 3418 cauus
324 3347 513 3432 primordiales
534 3344 636 3415 babent
649 3358 856 3429 incomprebeu·
869 3330 892 3395 G
907 3343 1040 3400 ”um‘lue’
1053 3326 1152 3398 ‘¹¹¹³’OE
1164 3341 1254 3382 Μ’
1268 3337 1382 3384 ”amm
1401 3328 1565 3385 ”mmmm
1577 3328 1702 3398 ‘’mem'’

61 3456 173 3514 sibilem
186 3455 367 3522 altitudinem,
391 3438 525 3510 iniinitam
545 3452 586 3510 sui
600 3468 649 3525 per
673 3452 763 3509 omnia
778 3452 858 3510 diliu-

60 3549 179 3614 sionem,
199 3561 270 3616 quae
291 3545 365 3600 nullo
378 3545 529 3616 percipitur
543 3546 634 3611 seusu,
650 3542 723 3601 nullo
733 3559 857 3615 compre-

60 3639 191 3695 henditur
205 3636 355 3703 intellectu,
365 3652 484 3708 praeque
495 3635 639 3692 ineffabilis
653 3651 718 3692 suae
731 3636 858 3707 puritatis

60 3729 222 3786 esnellmla
233 3729 409 3785 teudtrdmm
423 3730 533 3786 nomine
548 3739 705 3786 meruerunt
716 3728 855 3801 appellari.

60 3822 102 3878 Ex
115 3818 268 3890 effectibus,
293 3823 347 3878 ltoe
359 3831 402 3878 est
425 3837 457 3878 cx
472 3821 691 3892 processionibus
707 3822 736 3878 iu
757 3837 856 3895 genera

60 3913 218 3984 lamnasque
232 3911 374 3969 oensibibe
387 3922 468 3984 atque
482 3912 665 3983 intelligibiles
687 3929 856 3986 cognoscan-

60 4012 115 4069 tur,
126 4004 193 4075 qula
204 4010 279 4070 saut,
291 4020 343 4060 arun
358 4013 447 4060 tamen
460 4004 659 4075 intelliguntur,
670 4006 735 4077 quid
748 4015 811 4063 suut
830 4027 853 4061 s.

60 4093 107 4166 (lt,
119 4093 165 4149 ΙΙ.
179 4093 239 4166 Νι)

416 4184 432 4258 Ι
456 4185 502 4243 ii.

101 4296 111 4347 l
126 4282 158 4352 sl
171 4286 231 4367 lluil
243 4294 325 4354 bone
336 4290 409 4364 teta,
424 4302 515 4353 ulrdilr
525 4299 684 4372 prtarctprtia
697 4300 743 4358 llia
762 4317 854 4359 cretu-

59 4388 106 4464 pial
127 4388 160 4445 be
179 4384 238 4460 ipstl
252 4387 412 4460 intelligant,
435 4391 594 4463 priusquam
617 4395 646 4448 in
662 4408 716 4462 ree,
739 4410 854 4467 quarum

58 4480 245 4547 munierant,
260 4476 405 4549 moderat,
418 4495 514 4548 necne,
533 4483 597 4539 buic
608 4485 729 4542 breviter
743 4502 856 4558 respun-

58 4568 190 4635 dcudom,
206 4566 291 4625 bearn
304 4570 331 4623 io
342 4571 476 4640 supientia
497 4586 545 4628 sua
563 4574 600 4647 (el
615 4575 786 4645 casinense,
801 4593 855 4649 quo

59 4660 118 4728 ilat,
138 4666 170 4714 dt
190 4672 244 4714 non
269 4658 355 4715 solem
374 4674 405 4716 se
427 4662 484 4732 ipsa
499 4673 675 4736 cognoscant,
701 4666 750 4721 sed
772 4669 895 4753 etiam„

58 4754 300 4822 resonantiarum
323 4753 456 4824 principia
478 4763 551 4825 enat
575 4758 700 4814 notitiam
725 4758 852 4817 babeant.

60 4844 119 4901 lien
130 4845 205 4901 euitat
219 4845 383 4901 credendum
394 4853 447 4913 est,
467 4844 495 4901 in
505 4846 596 4902 divim
605 4849 738 4919 sapientia
752 4849 853 4920 aliquid

60 4938 194 5008 insipieus
216 4947 245 4994 et
264 4942 295 4994 sd
317 4937 406 5010 ipsum
430 4939 560 5012 iguloruns
573 4941 712 4999 eonditum
724 4942 819 5001 inimo.
838 4961 849 4996 a

59 5031 105 5103 til,
122 5031 166 5098 te,
179 5031 225 5088 ΙΙΙ.
240 5029 271 5099 t,
284 5031 343 5109 ΙΙ)

101 5261 111 5294 ι
126 5241 246 5298 Fuerunt
255 5250 347 5297 autem
367 5255 466 5299 causae
478 5240 540 5299 illae
552 5242 742 5313 primordiales
766 5261 852 5318 usque

60 5341 98 5392 ab
111 5337 185 5393 oruui
196 5335 366 5394 aetcrnimu.
383 5334 566 5408 Suntquidetu
577 5334 676 5407 laetae
693 5355 787 5395 acrum
801 5340 850 5409 ita,

59 5440 93 5483 ut
108 5443 194 5499 neque
204 5429 354 5487 aeternitas
366 5444 461 5486 earum
479 5416 619 5498 iacturam,
642 5434 730 5502 raeque
744 5430 849 5487 iactura

55 5526 352 5584 eemnmnruitaten
369 5526 522 5597 praecedat.
542 5524 674 5583 Nascente
688 5527 759 5582 cuim
781 5524 851 5583 nitio

60 5669 152 5718 rneule
163 5664 299 5792 orituratu:¹1
310 5664 392 5739 inque
405 5679 437 5720 ea
447 5664 610 5732 radicantur,
623 5682 671 5722 sua
684 5673 774 5721 autern
786 5683 851 5739 pro-

60 5729 250 5803 priagandeitt
298 5734 417 5792 ltstantla
434 5750 458 5789 s.
534 5789 538 5794 .

108 5799 139 5878 lt)
152 5802 225 5861 llaec
237 5805 300 5861 ideo
311 5819 361 5875 per
371 5820 401 5863 se
412 5820 472 5861 esse
485 5806 628 5875 dicuntur,
651 5806 722 5878 quod
739 5828 750 5859 a
767 5810 849 5866 unitas

69 5882 248 5930 uniuersorum
258 5882 357 5930 causae
374 5874 593 5946 participationes
610 5884 684 5942 surita
699 5894 789 5948 raeque
803 5883 847 5936 illa

75 5949 186 5998 creamra
205 5946 277 6000 iuter
287 5943 360 6014 ipsas
373 5953 402 6000 et
414 5959 493 6000 uuam
506 5947 622 6003 omnium
635 5963 744 6004 creusam
767 5952 849 6008 iuter·

909 3420 1033 3493 exempla
1051 3414 1222 3493 principalia,
1247 3435 1315 3491 quas
1336 3422 1524 3492 primordiales
1545 3436 1642 3481 causas
1656 3440 1703 3496 ap-

908 3512 1069 3584 pellavimus
1083 3513 1109 3588 (5
1120 3508 1224 3588 teat),
1239 3518 1292 3570 buu
1306 3514 1393 3594 solum
1407 3514 1463 3572 Deo
1485 3523 1548 3572 suut
1559 3520 1703 3574 coaeterna

909 3604 934 3680 (p
949 3602 1006 3676 et),
1020 3599 1211 3664 veruur'e'tiaru
1225 3624 1312 3680 usque
1326 3608 1360 3665 ab
1369 3609 1443 3666 ornati
1464 3608 1624 3667 acterullate
1640 3626 1702 3667 curu

909 3695 1117 3768 neocoaajaucta
1128 3708 1220 3771 atque,
1233 3700 1336 3756 adeoin
1351 3701 1410 3772 ipso
1421 3698 1566 3757 maluere.
1580 3698 1702 3771 flauaque

908 3804 924 3844 a
942 3788 998 3846 lieo
1023 3788 1115 3858 Patre,
1144 3807 1251 3851 sumrno
1265 3792 1386 3848 ornniuru
1412 3808 1500 3849 rerum
1514 3794 1657 3864 principio,
1674 3796 1702 3848 iu

906 3874 976 3935 Filio
991 3880 1141 3953 unigenito,
1152 3891 1244 3938 creata
1255 3898 1303 3939 seu
1314 3883 1421 3939 corrdita
1436 3898 1485 3939 seu
1497 3883 1568 3938 laeta
1582 3893 1655 3950 suut,
1673 3892 1703 3940 ut

907 3983 1014 4041 semper
1030 3991 1039 4023 r
1054 3970 1081 4027 lu
1103 3973 1161 4045 ipso
1174 3973 1345 4030 substiterint
1361 3992 1385 4029 a.
1401 3974 1426 4048 tp
1444 3973 1546 4043 25-2t3
1564 3973 1580 4048 i
1595 3974 1701 4050 ΙΙΙ-ΙΙ.)

907 4064 1048 4132 Quomodo
1061 4074 1153 4122 autem
1177 4072 1276 4124 causae
1295 4068 1484 4139 primordiales
1510 4069 1537 4125 in
1552 4068 1641 4127 Verbo
1653 4070 1701 4127 llul

906 4160 1047 4232 unigenito
1058 4161 1184 4220 conditae
1196 4165 1262 4233 sint,
1279 4183 1289 4216 a
1304 4180 1398 4223 omlnes
1409 4164 1519 4239 superii
1536 4164 1699 4238 intellectus,

907 4250 1012 4323 solique
1023 4250 1119 4323 Verbo,
1134 4257 1161 4312 in
1176 4264 1230 4329 quo¹
1244 4262 1307 4316 sunt
1318 4261 1453 4329 conditae,
1467 4264 1603 4335 cognitum
1616 4275 1658 4319 cst
1676 4280 1699 4318 s.

908 4334 962 4415 (ill,
977 4336 1086 4421 ΙΙΙ-ΙΙ.)
1099 4338 1280 4408 Nibilorniitus
1304 4350 1421 4426 Erigeua
1445 4355 1498 4410 alio
1510 4356 1627 4425 quodam
1642 4354 1701 4411 luud

908 4437 1025 4495 scribit:
1043 4459 1052 4492 t
1073 4434 1213 4513 Siquidem
1235 4458 1269 4497 es
1294 4444 1369 4500 tonte
1393 4438 1492 4501 llunren
1514 4448 1701 4518 principaliter

908 4542 1011 4599 ratariae,
1021 4542 1048 4590 et
1058 4533 1107 4606 per
1118 4534 1177 4606 ejus
1189 4535 1295 4590 alueum
1306 4551 1385 4607 aqua,
1396 4542 1465 4607 quae·
1475 4540 1561 4609 surgit
1575 4539 1603 4594 lu
1614 4538 1698 4608 locate,

908 4624 1073 4692 defunditur,
1086 4625 1126 4682 sic
1137 4624 1228 4680 diuina
1241 4620 1357 4694 bunilis,
1368 4635 1395 4682 et
1409 4629 1537 4696 essentia,
1552 4639 1579 4685 ct
1594 4630 1658 4698 rita,
1672 4640 1701 4688 et

907 4719 1049 4788 sapientia,
1065 4727 1093 4774 et
1110 4718 1210 4784 catania,
1225 4731 1294 4787 quae
1306 4718 1335 4775 in
1350 4717 1424 4775 locate
1441 4720 1567 4777 'notarium
1581 4724 1620 4797 (b.
1634 4740 1659 4780 e.
1672 4723 1701 4782 in

907 4809 963 4863 buo
988 4804 1036 4880 [cl.
1070 4806 1123 4875 ΙΙΙ,
1151 4804 1196 4884 1))
1226 4817 1300 4876 aurat,
1328 4809 1355 4866 ia
1388 4810 1578 4883 primordiales
1604 4828 1700 4877 causae

907 4903 1038 4974 delluunt,
1047 4916 1075 4963 et
1085 4920 1132 4963 eas
1143 4922 1204 4964 esse
1216 4906 1321 4963 iaciunt
1334 4929 1357 4963 t.
1371 4909 1424 4984 llll,
1438 4910 1478 4983 Ι.)

942 5161 1032 5234 aque
1051 5162 1121 5220 baec
1145 5160 1204 5234 lpse
1226 5163 1310 5218 verbs
1336 5170 1428 5233 aperte
1452 5164 1590 5221 declarent
1616 5167 1698 5221 etiam

907 5248 983 5323 illud,
1000 5260 1095 5313 musas
1116 5252 1305 5326 primordiales
1323 5266 1385 5311 esse
1399 5266 1490 5311 return
1502 5252 1622 5324 erearpla
1635 5256 1697 5309 sartr-

907 5345 1054 5411 sta'utlalia,
1079 5352 1149 5417 quac
1176 5344 1390 5401 substantialiter
1416 5352 1450 5402 ci
1481 5346 1570 5402 divina
1595 5345 1698 5400 llunem

907 5437 1067 5501 substantia,
1079 5437 1254 5509 ejusderuquc
1268 5454 1329 5492 curu
1344 5438 1464 5507 ipsolleu
1475 5446 1537 5494 sunt
1551 5439 1696 5495 esseutiae.

906 5528 983 5601 Quod
1004 5531 1102 5587 Scotus
1125 5532 1192 5589 satis
1215 5541 1370 5590 constanter
1393 5532 1483 5588 tradit.
1497 5531 1624 5603 Legimus
1634 5550 1697 5589 curu

905 5665 1043 5734 positaest
1058 5685 1080 5717 a.
1098 5665 1201 5738 (lt,5t;
1218 5666 1260 5730 ΙΙΙ,
1278 5665 1317 5747 Ι.)
1405 5720 1409 5731 ,

938 5735 978 5820 lb)
990 5733 1066 5804 Quae
1079 5738 1161 5793 verba
1176 5738 1211 5793 ab
1226 5738 1331 5795 iiioruo
1354 5745 1495 5793 vertuntur
1511 5736 1550 5811 (p.
1566 5735 1621 5808 ΙΙΙ.)
1646 5739 1697 5795 ulle

902 5806 1029 5876 liniger,
1044 5806 1195 5880 tetenstete
1207 5802 1331 5879 Bepripc.

902 5949 920 6003 d
939 5877 977 6005 (ὅ)
993 5875 1049 6003 lltff
1061 5887 1112 6004 eg,
1125 5876 1154 5933 in
1168 5876 1237 5934 Filio
1248 5894 1297 5933 suu
1309 5877 1455 5952 unigenito.
1470 5878 1510 5937 ct.
1527 5898 1583 5954 sup.
1601 5880 1617 5956 Ι
1631 5882 1673 5938 td.
1687 5899 1694 5949 3

921 5963 936 6003 e
979 5963 1004 6003 t.
1048 5984 1057 6016 ,
1108 5988 1115 6004 .
