3984 6534
881 414 1094 479 rnoondtdtt.

526 567 656 692 gaumeis
669 568 812 641 perplures
824 569 937 641 cupiant
949 583 1023 626 nuuc
1036 581 1097 624 osse
1110 570 1244 634 pomntes,

549 638 640 694 cilicet
654 639 751 696 intenti
770 639 856 710 magis
871 641 905 696 ad
918 639 1042 696 conuiuia
1058 636 1136 702 secli,
1151 699 1156 707 ,

468 708 504 765 ab
523 706 611 774 Quam
631 709 706 765 curis
722 709 830 765 animae
848 709 1001 767 commissis
1017 707 1200 779 suppeditare.

529 776 584 834 llos
598 789 700 847 autam,
714 779 822 847 iratres,
842 795 912 851 quae
925 778 1020 836 mundi
1034 785 1109 844 sont,
1123 775 1267 845 fugientes,

525 846 656 973 guaerite
670 857 822 906 uestrarum
841 859 997 906 consumet
1011 861 1077 918 opes
1090 847 1252 900 animarum.

551 933 595 974 am
609 920 674 990 quid
691 919 780 975 bonor
810 920 912 987 randis,
928 920 1069 977 sitantum
1084 916 1189 986 pondus
1202 908 1330 966 honoris?

526 986 597 1111 guid
610 989 722 1060 prodest
736 934 855 1057 tarrfenr,
871 991 894 1045 si
909 988 1039 1045 mundum
1051 984 1159 1042 sumitis
1172 996 1292 1048 omnem,

473 1055 510 1111 23
554 1066 598 1114 ost
610 1060 669 1115 eius
682 1074 775 1115 casum
791 1060 850 1114 sine
864 1058 918 1114 bne
932 1058 989 1130 pati
1001 1055 1170 1113 cruciatum?

526 1125 600 1200 Ergo
613 1129 806 1186 attendendum
821 1129 898 1185 nobis
913 1139 956 1185 ost
969 1136 1050 1196 atque
1063 1124 1222 1191 timendum,

526 1195 566 1252 lle
578 1198 655 1268 plebs
670 1198 777 1254 indocta
792 1208 886 1267 pereat
897 1213 946 1269 per
959 1197 1074 1254 crimina
1093 1204 1198 1250 nostra.

525 1264 581 1323 Nos
594 1269 695 1324 etenim
706 1268 780 1324 docti
789 1281 837 1339 per
852 1283 946 1324 sacrae
959 1268 1085 1338 dogmata
1099 1264 1176 1335 legis,

525 1334 562 1393 Ut
575 1338 645 1396 bene
656 1338 764 1394 vivendi
781 1338 893 1409 reliquis
905 1342 1028 1407 exempla
1041 1336 1178 1400 daremus,

473 1404 509 1461 50
527 1405 598 1464 Etsi
614 1424 657 1464 res
668 1415 783 1480 peteret,
797 1407 904 1464 occasio
917 1421 1040 1477 quaeque
1053 1403 1168 1472 veniret,

523 1474 577 1533 Pro
591 1478 655 1535 ddei
668 1478 749 1535 sociis
762 1478 845 1534 etiam
859 1486 975 1534 mortem
989 1486 1153 1547 pateremur,

527 1545 658 1604 Labirnur
670 1549 698 1604 in
730 1548 805 1604 rimis
819 1547 1009 1619 congressibus
1022 1545 1179 1627 impietatis,

528 1616 668 1689 Tanquam
686 1563 728 1673 nil)
737 1617 790 1673 nisi
804 1625 897 1674 eontra
911 1617 984 1673 uires
998 1614 1101 1670 inimici
1116 1629 1124 1668 t

529 1686 564 1742 Et
582 1689 653 1759 quod
667 1688 755 1743 atlhuc
767 1689 877 1760 grauius
891 1686 1127 1756 miserabiliusque
1138 1682 1253 1750 ridetur,

477 1753 513 1812 55
532 1756 591 1813 lton
605 1758 691 1813 solum
706 1757 833 1829 fugimus,
847 1771 901 1827 quo
914 1756 1094 1827 praecipimur
1111 1754 1170 1809 lore
1182 1767 1293 1822 munus,

530 1825 704 1953 Sedetfiuoquc
713 1828 859 1883 coirrmissa
872 1828 1025 1882 lacerantes
1038 1839 1113 1880 inore
1128 1824 1264 1893 luporum,

527 1896 587 1963 Qua·
623 1913 666 1952 arn
678 1908 827 1962 vastamus,
844 1897 976 1966 quaedam
992 1894 1064 1950 malo
1078 1894 1266 1949 destituemus.

530 1965 600 2023 llam
614 1968 712 2038 quibus
725 1975 756 2022 ut
772 1974 864 2037 patres
880 1964 1040 2021 deberemus
1052 1964 1117 2020 darc
1130 1962 1243 2029 rictum,

531 2035 560 2092 Si
575 2038 617 2093 vis
631 2037 684 2093 ulla
698 2037 750 2094 loci
764 2035 806 2093 vol
818 2050 898 2092 casos
912 2043 1036 2104 posceret
1048 2032 1133 2102 anni.

475 2106 511 2164 to
528 2106 578 2164 liis
591 2116 621 2165 nt
631 2117 755 2178 raptores
767 2106 914 2162 crudeliter
927 2102 1113 2166 aduenientes,

531 2177 580 2233 llla
594 2187 775 2249 asportamus.
790 2175 862 2246 quod
876 2173 929 2229 erit
943 2170 1098 2227 miserabile
1112 2170 1195 2237 dictu,

533 2248 609 2315 erae
624 2247 711 2317 pietas
725 2247 814 2301 aliena
826 2242 902 2298 dedit
913 2256 963 2314 pro
975 2239 1086 2297 nomino
1098 2238 1210 2296 Christi.

532 2318 600 2371 Cum
614 2324 771 2385 peccatores
784 2312 854 2367 male
865 2310 936 2366 lacta
950 2312 992 2366 sui
1005 2318 1155 2365 metuentes

531 2385 574 2439 dd
588 2399 638 2439 rios
652 2384 808 2453 provenias
821 2394 904 2436 causa
918 2380 1021 2450 lugient
1034 2377 1204 2448 capiendae·

481 2452 515 2508 tl
534 2452 582 2508 llis
596 2461 643 2507 ant
658 2451 803 2515 terribiles.
817 2450 876 2519 plus
889 2464 971 2519 quani
984 2463 1027 2503 res
1039 2457 1134 2517 poscat
1145 2458 1173 2503 et
1187 2462 1263 2515 usus,

536 2521 599 2587 Seu,
613 2520 673 2590 plus
686 2535 766 2591 quam
780 2522 870 2587 liceat,
885 2523 1031 2575 clementes
1043 2519 1226 2584 inveniemur;

534 2590 581 2647 llel
596 2590 772 2660 dedignantes
787 2604 867 2660 super
881 2588 924 2645 his
938 2591 1084 2645 decernere
1095 2588 1250 2669 quicquain,

534 2660 611 2718 Justa
627 2661 730 2715 cautela
746 2669 851 2715 tantum
866 2659 1061 2714 committimus
1076 2657 1149 2727 iltis:

532 2732 608 2857 ss⁰⁰³
620 2730 812 2786 sceleratorum
829 2731 918 2785 socios
929 2728 1046 2784 existere
1059 2728 1171 2783 scimus.

478 2804 514 2861 50
558 2818 589 2857 os
601 2801 666 2872 quia
678 2799 819 2856 constricti
834 2799 886 2855 sub
900 2797 1081 2855 sollicitudine
1095 2796 1199 2865 mundi,

533 2870 680 2942 Officioque
696 2871 778 2926 Ducis
796 2870 950 2941 iungentes,
966 2876 1013 2924 aut
1027 2867 1093 2924 Vico
1105 2868 1188 2940 regis,

534 2943 702 3000 Corrimissae
717 2940 805 3011 piebis
820 2955 913 2996 curam
927 2951 1042 3005 pensare
1054 2938 1208 3008 nequimus,

537 3013 733 3084 indignumque
744 3010 894 3078 toraniam
908 3007 997 3066 claros
1012 3016 1124 3078 tamque
1136 3017 1261 3080 macutes

530 3083 663 3153 begoneri
680 3082 774 3137 turbae
785 3097 837 3136 nos
850 3082 923 3150 ipsos
936 3077 1119 3148 suppeditare.

480 3153 516 3209 55
534 3151 604 3207 Sunt
613 3152 659 3205 alii
672 3152 762 3220 plures
777 3151 839 3219 quis
851 3149 996 3204 conueniat
1009 3146 1086 3204 labor
1103 3148 1166 3215 iste,

536 3219 574 3275 tls
587 3219 682 3290 vulqus
693 3219 820 3282 doceant,
835 3225 863 3273 et
875 3226 905 3271 nt
916 3217 1048 3287 exotriplis
1061 3216 1131 3272 bene
1141 3219 1271 3288 praesint.

537 3288 593 3346 llos
610 3288 704 3344 mundi
716 3301 854 3358 proceres,
870 3299 920 3341 nos
936 3293 1043 3341 consul
1055 3285 1090 3341 ad
1107 3288 1264 3356 stirpator,

536 3357 627 3428 thue
641 3372 749 3423 canum,
766 3356 905 3412 volucrum
920 3363 1054 3411 sectemur
1068 3356 1171 3412 ludicra
1185 3367 1302 3426 tantum,

536 3427 590 3484 Seu
606 3440 782 3498 quaecunque
797 3426 915 3496 placent,
931 3425 974 3481 his
987 3425 1090 3482 deliciis
1102 3428 1247 3495 potiamur.

488 3500 524 3557 00
541 3497 609 3553 llam
626 3497 696 3552 uitae
710 3495 790 3566 hujus
801 3509 866 3565 opcs
878 3503 1014 3565 quaerunt
1028 3493 1088 3550 illos
1103 3499 1234 3564 seniores.

537 3568 587 3636 Qui
614 3566 777 3637 supradictis
792 3567 919 3621 studeant
931 3563 1056 3619 insistere
1074 3565 1154 3632 ludis,

540 3638 596 3694 Nec
614 3634 794 3701 lucillinam,
808 3636 879 3706 quod
899 3633 992 3689 mundi
1006 3635 1124 3705 postulat
1139 3653 1214 3695 usus.

537 3708 612 3766 llaec
624 3709 648 3764 si
663 3722 715 3762 non
730 3707 814 3772 dictu,
829 3715 920 3759 tamen
932 3701 1098 3760 affirmantur
1111 3706 1138 3762 in
1151 3717 1226 3778 actu,

540 3779 617 3834 Siout
635 3786 663 3833 et
675 3777 732 3845 ipse
745 3777 841 3848 probat
854 3788 913 3830 mos
927 3774 994 3831 cleri
1008 3774 1191 3844 quotidianus.

485 3850 520 3907 65
538 3850 588 3905 Eat
597 3857 627 3904 ct
642 3847 730 3904 adbuc
743 3848 837 3901 vilium
855 3845 967 3914 reliquis
980 3859 1090 3914 compar
1102 3845 1294 3905 referendum:

541 3919 607 3990 Ejus
620 3918 693 3976 eninr
707 3917 821 3981 crimen,
836 3916 882 3987 qui
894 3925 1019 3985 speratur
1033 3915 1096 3984 quid
1110 3915 1220 3987 babere,

540 3990 628 4045 tinisa
643 3995 733 4044 maritet
744 3987 831 4052 nobis,
844 3987 964 4056 ejusdem
983 3984 1065 4039 rebus
1076 3985 1160 4041 abuti.

547 4059 620 4115 ltine
632 4057 717 4129 raptis
731 4057 813 4112 robus
824 4058 953 4111 miserum
967 4069 1021 4110 non
1036 4056 1147 4127 corrigit
1158 4057 1241 4128 udus,

547 4128 581 4184 Ul
598 4141 645 4197 pro
659 4125 810 4183 conticinio
822 4126 992 4194 aliquatenus
1009 4123 1053 4179 hic
1065 4137 1216 4197 reparatur,

494 4200 528 4257 li)
545 4198 635 4255 Possit
646 4208 791 4280 ptrrpetuae
801 4195 925 4251 dammas
936 4194 1051 4250 eradere
1060 4207 1173 4262 wirae.

546 4268 599 4325 Sed
612 4283 672 4338 qurs
688 4276 743 4322 min
757 4267 852 4323 doctus
871 4280 919 4336 per
931 4263 1036 4335 singula
1051 4279 1162 4321 currcrc
1174 4275 1285 4338 posset,

541 4339 571 4396 ln
584 4339 682 4410 quibus
694 4347 820 4394 auctores
832 4335 965 4393 scelerum
980 4335 1168 4391 convincimur
1180 4351 1241 4394 essa

543 4411 617 4474 Nos,
632 4411 678 4479 qui
693 4409 753 4479 plus
771 4408 833 4463 aliis
850 4409 941 4462 divina
955 4403 1063 4473 negotia
1078 4405 1197 4461 scimus?

545 4480 697 4537 Dummodo
711 4490 804 4533 nostor
818 4479 904 4531 bonor
919 4471 1034 4527 celebris
1052 4473 1184 4531 habeatur
1196 4476 1224 4533 in
1235 4477 1313 4545 orbe,

490 4556 526 4612 75
545 4552 580 4607 Et
594 4550 678 4604 variis
690 4546 797 4615 pompis
812 4543 954 4598 rutilantes
966 4538 1124 4609 alliciantur,

545 4619 590 4676 Nil
605 4623 698 4672 uranici
707 4613 829 4669 illaesum
844 4627 892 4683 per
903 4626 952 4666 sos
966 4621 1102 4682 utcunque
1114 4622 1249 4685 patratum
1262 4656 1271 4684 ,

549 4691 604 4743 dut
616 4684 686 4739 male
700 4683 851 4755 poscendo,
864 4697 929 4748 scu,
944 4681 1016 4752 quod
1028 4684 1120 4752 pejus,
1135 4685 1273 4755 rapiendo.

549 4756 601 4824 Qui
614 4753 750 4823 eotrtplcre
763 4757 857 4824 nequit
871 4753 1017 4818 damnum,
1032 4755 1074 4807 ucl
1088 4763 1180 4810 nteulc
1192 4757 1316 4828 parabit:

550 4828 598 4884 Sic
609 4823 672 4895 loqa
685 4827 825 4879 doctorum
840 4826 915 4881 sicas
929 4832 1018 4878 exsut
1030 4837 1111 4880 rausa
1127 4838 1296 4895 sequentum,

494 4904 530 4961 80
548 4896 604 4954 llec
616 4894 723 4965 grauior
735 4893 834 4961 pestis,
848 4907 910 4949 cuna
925 4902 1016 4962 pastor
1029 4895 1081 4947 crit
1098 4898 1186 4965 gregis
1196 4896 1292 4954 bostis.

549 4967 617 5026 llam
634 4962 716 5018 nimis
733 4962 861 5016 audacter
875 4964 937 5016 dum
953 4960 1042 5019 clerus
1061 4962 1180 5020 abutitur
1192 4967 1276 5038 orba,

548 5038 619 5123 Quid
633 5040 697 5087 tuno
711 5030 812 5086 indocti
826 5039 940 5101 possunt
951 5031 1028 5085 aliter
1043 5033 1187 5102 meditari,

545 5108 579 5166 iri
594 5105 695 5178 pariter
709 5099 815 5156 cunctis
829 5115 956 5171 perversa
971 5099 1053 5156 licere
1066 5106 1193 5160 icantur?

547 5180 607 5236 lam
621 5173 718 5229 urerito
729 5170 838 5238 demus,
857 5171 903 5241 qui
918 5170 982 5228 talia
997 5177 1078 5227 corda
1094 5184 1235 5244 tenemus,

496 5254 530 5312 85
546 5252 603 5308 imo
616 5245 674 5301 dies
688 5241 810 5307 uenient,
823 5241 847 5297 si
861 5256 915 5296 non
930 5254 1075 5313 purgamur
1086 5243 1112 5299 in
1128 5244 1207 5312 istis,

545 5315 674 5390 Quanruis
691 5327 765 5369 nunc
778 5312 849 5370 risus
862 5327 911 5367 nos
922 5321 1036 5382 occupet
1051 5313 1266 5386 immoderatus,

545 5396 613 5449 Cum
627 5386 702 5442 dolor
721 5394 846 5440 actorium
860 5381 1047 5439 circumvallat
1056 5386 1226 5444 cruciandos.

547 5459 616 5530 Quid
629 5457 689 5528 plus
703 5453 812 5509 ludaeis
824 5456 928 5525 aqimus
944 5452 1014 5509 bene
1025 5453 1066 5509 tel
1079 5453 1251 5524 Pharisaeis,

549 5535 622 5600 Quos
636 5528 702 5581 ioris
717 5523 820 5580 albatos
831 5524 957 5596 legimus,
969 5522 1015 5580 sed
1029 5534 1139 5594 pectore
1148 5524 1259 5589 loedos.

500 5607 534 5662 90
554 5605 622 5657 birni
636 5606 740 5651 tantum
754 5594 843 5665 lingua
856 5596 979 5651 volumus
991 5594 1127 5663 curuplere
1139 5598 1264 5652 statuta?

550 5673 586 5729 llt
598 5666 663 5722 milri
677 5665 730 5721 lert
742 5666 865 5732 arrianus,
878 5664 984 5736 pejores
999 5664 1067 5719 beu!
1083 5679 1176 5722 sumus
1189 5666 1253 5725 illis.

552 5738 672 5807 lienique
687 5741 709 5792 si
723 5750 867 5805 quitquam
880 5750 988 5805 practer
1000 5731 1094 5801 legalis
1105 5734 1225 5806 seirent,

552 5810 700 5867 lliiortassc
714 5808 802 5860 inires
816 5817 869 5860 tant
883 5806 983 5874 gt'ttlttltl
997 5802 1070 5858 icius·
1084 5819 1270 5875 sequerentur.

555 5885 590 5937 Λῑ
602 5897 650 5936 lttla
663 5879 692 5935 iu
703 5875 780 5933 llinis
797 5892 850 5932 illd
863 5888 948 5932 silum
967 5874 1069 5933 t'lbtretr
1084 5894 1197 5951 colunt,
