3984 6534
174 368 218 437 48
762 364 893 422 11101Ιῶ
910 362 1027 419 GALAEl
1048 360 1232 419 tumulltu
1785 364 1820 423 ω

181 490 253 561 qarod
266 488 310 545 nic
323 482 442 545 loannes
451 482 588 543 llilrcmns
599 486 680 541 toties
691 484 811 547 dicatum
828 483 855 537 iil
869 481 971 547 evenit,
987 487 1010 542 Α
1024 479 1231 550 probabilitate,
1256 479 1414 551 magistntm
1433 479 1567 536 loannem
1587 492 1653 535 ctam
1666 492 1721 537 suo
1738 480 1817 537 disci·

182 578 311 649 quioniam
326 577 476 633 studiorum
494 576 582 648 gratia
602 576 629 629 in
648 591 679 630 ca
692 584 773 646 gente
792 572 836 628 diu
852 580 974 627 versatus
1023 573 1088 643 pulo
1104 572 1173 627 itanc
1189 572 1351 643 legationem
1365 572 1475 628 obiisse.
1493 571 1625 627 Audierat
1638 570 1761 628 loannes
1774 588 1819 643 per

181 677 252 734 erat,
267 682 339 737 qnae
352 674 417 724 tttnc
433 664 513 738 (Pop.
530 668 558 740 x)
575 666 706 737 temporis
722 667 856 721 bonarum
867 662 973 719 littera·
1024 660 1171 717 Falconem
1196 662 1296 733 (nuttc,
1318 676 1390 717 anno
1413 661 1484 727 882,
1509 661 1750 731 archiepiscopum
1772 662 1820 719 lie·

183 777 243 817 rnm
256 762 364 820 nonina
391 762 451 818 luit.
479 763 582 818 Russus
604 762 632 817 in
655 760 726 816 libro
745 762 779 815 dc
802 757 919 828 liegibns
939 771 972 813 ex
1024 766 1162 815 mensem,
1188 766 1274 821 ”iliter
1299 752 1423 808 abbatem
1450 750 1662 822 Dertlmmurn)
1690 752 1726 807 de
1752 750 1819 809 lama

181 853 421 923 praedamnatione
435 853 570 923 scriptore
585 852 636 908 ista
653 851 686 907 de
699 849 828 905 Hibernia
842 847 946 918 prolert
963 863 971 901 r
1024 838 1171 898 Grimbaldi
1199 843 1365 909 Dertiuiani3
1391 843 1475 899 redux
1501 841 1547 897 ille
1573 842 1602 897 iu
1622 841 1756 913 Angliam
1775 859 1819 898 aa·

182 942 335 1015 Appliconir
361 942 457 999 statiis
483 942 618 1013 suspensis
633 940 709 1013 [per
732 939 892 1008 Gregorinm
912 938 922 992 l
939 939 974 993 ab
1024 938 1065 1003 no}
1083 934 1135 989 883
1161 934 1286 990 Aellredo
1314 935 1441 992 eumdem
1468 933 1732 991 commendaverat:
1758 935 1820 993 ltine

181 1030 323 1101 legumini
347 1030 492 1103 tempore]
516 1031 625 1101 florebat
650 1031 761 1085 scientio
782 1030 810 1084 in
834 1028 925 1086 Scurio
949 1038 974 1085 et
1024 1032 1138 1094 sentinata
1154 1033 1196 1080 est
1212 1026 1256 1080 illa
1273 1025 1370 1096 legatio
1383 1039 1456 1081 anno
1472 1025 1515 1081 vel
1533 1024 1650 1081 circiter
1663 1024 1737 1091 son
1761 1040 1817 1079 ιιιι

181 1120 330 1188 Ηϋιιιιὶιις
355 1132 413 1177 eret
435 1138 494 1178 sero
514 1120 642 1177 ilibernia
661 1121 741 1175 totius
768 1132 830 1174 toric
851 1120 974 1175 scientiae
1024 1115 1126 1185 appulit
1146 1116 1198 1170 ltuc
1215 1115 1390 1171 Gritultaldus
1404 1114 1552 1171 uuu0885·
1568 1113 1626 1169 {⁸1²
1645 1114 1726 1171 01010
1745 1124 1818 1179 sunt,

180 1212 373 1279 promtuarium
386 1220 410 1264 et
422 1210 542 1265 alumno.
555 1209 597 1264 lii
608 1211 728 1265 studetur
742 1208 771 1265 s.
788 1210 888 1277 cnon,
900 1211 973 1281 prior
1024 1205 1131 1275 uentris
1158 1206 1315 1268 existimet,
1342 1204 1485 1276 Ενὶιειιιι
1509 1204 1561 1259 boc
1585 1203 1615 1259 in
1644 1212 1774 1275 ternpore
1795 1205 1819 1259 n

182 1298 213 1355 8.
245 1301 340 1354 didoni
374 1298 515 1369 Lindip’er.
552 1300 665 1369 episcopi
689 1299 853 1365 discipulas,
885 1311 974 1369 posteo
1024 1295 1118 1351 Galliis
1141 1295 1368 1352 lracsisse.*Scd
1383 1297 1524 1352 haedere
1537 1295 1618 1366 plura
1633 1312 1718 1353 mox.

182 1386 308 1451 Eburum,
324 1387 464 1442 etdeannat
475 1386 628 1444 Liadeseiue
647 1399 671 1444 et
688 1389 768 1443 totins
784 1388 898 1444 ilorcine
920 1392 975 1459 cpi·
1060 1387 1179 1456 Denique
1192 1387 1286 1457 qtraeri
1297 1388 1332 1441 ab
1352 1387 1385 1441 iis
1402 1394 1508 1456 potest,
1527 1386 1575 1456 qni
1594 1384 1740 1442 loannem
1752 1388 1817 1443 lruuc

182 1490 296 1544 scopam·
318 1476 361 1528 cni
381 1476 561 1533 conscholaris
587 1478 638 1548 snit
665 1480 693 1532 in
720 1477 848 1533 Hibernia
876 1479 975 1549 prer·
1024 1478 1172 1534 llibemnm
1187 1486 1266 1547 gente
1279 1478 1395 1533 etdomo
1415 1477 1498 1533 luisse
1510 1478 1703 1544 contendunt,
1716 1494 1768 1536 cur
1781 1480 1820 1534 bic

181 1575 225 1621 ιιιι
227 1602 304 1620 ......
326 1576 350 1621 et
370 1566 447 1621 multi
465 1566 596 1636 praeclari
614 1569 729 1624 studius
746 1580 769 1622 et
791 1570 900 1622 scientio
925 1570 974 1624 oiri
1024 1566 1126 1621 soluse
1142 1576 1181 1621 tot
1202 1566 1376 1637 popularibus
1395 1566 1452 1623 suis
1473 1566 1593 1635 Eripentt
1611 1570 1819 1641 cognominatus

179 1655 213 1708 de
236 1655 342 1725 neptia.
364 1654 425 1710 Dixi
451 1671 513 1712 eum
539 1657 599 1712 ideo
625 1658 774 1713 llibcrnnm
799 1658 882 1713 inisse
913 1659 972 1714 dic·
1025 1657 1115 1712 luerit.
1129 1657 1276 1712 Testantur
1295 1666 1369 1713 certe
1390 1656 1510 1712 Antiates
1529 1655 1688 1723 saxonici,
1710 1668 1819 1715 testatur

182 1732 334 1813 tumquotl
351 1745 386 1800 ibi
409 1744 508 1802 litteris
525 1762 636 1816 operam
660 1747 776 1802 dederit.
802 1748 877 1803 idern
901 1749 974 1804 ecci·
1025 1746 1120 1801 Ericns
1139 1746 1398 1810 Autissiodorensis,
1417 1745 1516 1816 aliique
1539 1745 1615 1816 apud
1632 1746 1817 1804 doctissimo·

180 1833 221 1889 dit
234 1832 460 1902 blanco-cuidam,
480 1837 526 1905 qul
547 1835 679 1891 llibrrans
694 1839 875 1893 communiter
899 1839 974 1893 dico·
989 1823 1012 1881 B
1026 1837 1083 1892 lac.
1095 1838 1233 1894 Usscrium
1246 1838 1357 1894 llrmac.
1369 1836 1449 1909 (Pop.
1461 1836 1593 1909 xtibrclr.
1608 1837 1637 1894 iu
1652 1838 1819 1897 Pneuuon

180 1926 273 1989 batur,
297 1940 359 1981 cnm
379 1933 469 1981 tamen
489 1936 564 1983 esset
586 1928 696 1981 natione
717 1927 819 1993 Dritto,
844 1928 975 1983 cvlrreatus
1025 1928 1060 1982 ad
1089 1928 1222 1997 Epistulas
1248 1921 1416 1990 ilibernicoi,
1438 1927 1580 1997 perplures
1602 1926 1747 1985 llibcmus
1767 1930 1817 1999 (ser

179 2027 246 2069 veru
266 2015 293 2069 in
312 2014 458 2081 Hibernia,
474 2025 505 2071 ιιι
518 2016 551 2071 dc
564 2030 597 2070 eo
615 2014 711 2071 scribit
728 2016 824 2071 Ericus
837 2014 974 2071 Autissio-
1025 2015 1266 2086 Scuto-Hibernos)
1283 2017 1342 2072 orbi
1355 2016 1476 2071 litterato
1490 2015 1656 2083 innotuisse,
1672 2015 1817 2087 pertarit

181 2104 305 2161 dorensis
324 2105 351 2159 in
372 2105 428 2161 line
450 2104 510 2160 libri
534 2121 543 2159 ι
566 2107 599 2160 de
621 2105 759 2161 miraculis
781 2104 812 2160 S.
831 2104 971 2161 Germani.
1023 2105 1124 2177 llagni,
1138 2104 1227 2161 Caroli
1240 2104 1327 2170 Calvi,
1341 2104 1462 2161 neltreut
1478 2114 1613 2175 tempore,
1629 2114 1661 2161 et
1676 2106 1815 2177 deinceptt

177 2197 253 2253 idem
268 2199 367 2253 accidit
391 2199 420 2254 S.
442 2197 576 2266 Patricio,
592 2200 715 2272 Pelagio,
732 2200 847 2272 aliisque
867 2203 971 2257 multis.
1021 2212 1136 2267 ortorum
1157 2206 1248 2251 tomen
1274 2197 1376 2252 nemini
1399 2212 1497 2253 001000
1519 2196 1590 2263 000,
1615 2197 1757 2271 Erigeott,
1774 2210 1816 2271 110

216 2307 251 2363 Ut
268 2309 349 2378 igitur
361 2308 456 2376 paneis
477 2324 565 2363 nicam
586 2308 771 2377 conjecturam
786 2310 972 2379 complectar,
1022 2288 1303 2389 gentililatlribntum
1331 2288 1513 2389 ⁰⁰3¹¹⁰⁸⁰lu¹ff
1541 2286 1757 2391 ⁰¹f¹¹¹⁰⁸⁸⁶¹¹i⁸
1781 2286 1815 2347 'd

177 2398 277 2468 opinor
299 2397 435 2453 loannem
457 2400 539 2454 istum
564 2400 708 2470 Erigonam
728 2400 831 2456 dictum
853 2400 973 2457 luisses
1022 2375 1145 2442 numm·
1159 2375 1203 2431 “¹
1228 2375 1315 2443 &⁰²¹2
1329 2386 1357 2432 ⁰³
1373 2375 1585 2433 smulfl'bem
1602 2376 1735 2441 'mm'

179 2487 251 2553 luco,
267 2497 296 2541 nt
310 2488 427 2553 videtur,
450 2489 542 2543 natali.
558 2490 604 2544 Est
620 2499 711 2543 autern
723 2490 830 2559 Ergone
842 2506 906 2561 pars
918 2506 973 2547 non
1058 2483 1145 2540 Venio
1158 2500 1232 2541 nuuc
1244 2486 1278 2540 od
1290 2483 1363 2541 sinti
1376 2484 1507 2556 Eripenoe
1519 2486 1626 2556 scripta
1640 2488 1812 2545 roem

179 2574 766 2644 coutmnnendallerelordensiscomitatus,
784 2578 974 2638 Walliaeeon·
1022 2573 1098 2629 Ρο00
1120 2582 1212 2630 aulem
1230 2575 1318 2644 Dll¹⁰⁰
1343 2575 1402 2630 1000
1425 2589 1458 2629 00
1480 2575 1602 2631 00101οὴ
1623 2576 1769 2649 01100001οι
1785 2576 1813 2631 00

180 2662 308 2719 termina.
327 2662 384 2718 lato
402 2679 484 2718 uuum
497 2678 514 2718 e
526 2664 617 2735 regnis
634 2664 747 2722 Walliae
770 2665 822 2722 luit
838 2669 890 2725 lroc
905 2672 973 2725 tem·-
1022 2664 1122 2751 quibus
1135 2664 1209 2719 nulla
1219 2665 1289 2749 apud
1301 2674 1406 2721 veteres
1416 2664 1551 2737 reperitur
1563 2666 1746 2739 ambiguitas.
1760 2666 1813 2725 litt

179 2769 246 2826 pore
255 2752 363 2810 Allrido
377 2755 558 2811 tributariam.
567 2755 596 2810 ln
609 2757 756 2813 noctracta
765 2760 871 2827 reperio
883 2759 972 2817 locum
1023 2755 1063 2810 dit
1077 2755 1160 2827 igitur
1171 2754 1291 2811 ioannes
1305 2755 1350 2811 ille
1364 2772 1373 2808 z

177 2842 305 2910 lirinocn,
331 2860 393 2915 qttae
417 2846 526 2917 qirirlern
552 2846 636 2903 dictio
658 2861 754 2918 pamm
777 2848 915 2920 discrepat
936 2853 972 2907 ab
1093 2847 1119 2900 l·
1139 2846 1178 2901 De
1196 2846 1368 2901 Eucharistio
1386 2846 1485 2901 libmm
1503 2846 1525 2902 l.

177 2934 353 3009 Eringenlet
371 2946 512 2994 contracte
539 2935 752 3009 acarnaniam
781 2947 836 2995 tuta
852 2940 972 2997 terrasb
1091 2936 1120 2991 Ξ.
1141 2934 1285 2992 versiones
1304 2935 1423 3007 Dionysii
1441 2936 1541 3008 Areop.
1562 2936 1612 2994 tto.
1632 2938 1682 2997 tu.

178 3024 245 3096 ipsis
268 3026 363 3082 Wallis
376 3027 516 3083 modernis
528 3027 627 3083 dicitur
642 3024 769 3100 Erpanp,
786 3028 828 3083 vel
843 3027 967 3085 lireinnc.

178 3115 230 3182 Qui
244 3116 447 3182 observaverit,
466 3127 583 3188 quantae
603 3119 631 3173 iu
645 3119 705 3175 aliis
721 3121 886 3177 dictionibus
903 3123 969 3179 bar·

177 3203 253 3259 baris
266 3204 299 3257 ad
314 3219 437 3259 normam
456 3205 567 3261 lattinam
591 3206 785 3276 detorquendis
802 3210 970 3264 mutationes

178 3292 338 3364 plemnnpue
351 3293 431 3359 liant,
451 3310 504 3349 non
521 3308 604 3366 aegre
620 3295 671 3349 bas
690 3295 853 3351 leviusculas
871 3297 972 3352 altera·

178 3384 266 3439 tiones
280 3384 345 3438 mibi
366 3386 415 3440 lrac
435 3386 461 3439 in
474 3400 542 3441 voce
561 3384 702 3441 concedet.
723 3385 870 3443 Enimvero
890 3388 971 3445 Liber

177 3473 317 3530 Ecclesiae
331 3473 521 3542 Dondooensis,
532 3476 560 3531 in
575 3476 659 3532 Tomo
679 3478 713 3533 lll
727 3477 865 3535 lionastici
878 3481 970 3553 Angli·

176 3561 250 3627 cani,
269 3560 394 3619 Giroidns
409 3578 517 3633 quoque
534 3564 710 3624 cambrensis
725 3569 751 3622 in
767 3567 906 3623 cumbriae
921 3570 969 3625 de·

176 3655 317 3725 scriptione
330 3669 356 3710 c.
370 3656 388 3711 5
401 3656 506 3725 plenius
520 3655 554 3712 de
572 3659 625 3712 bac
643 3659 801 3731 regiuncula
822 3660 967 3717 docebunt.

175 3743 297 3815 Daromm
312 3746 358 3802 hic
379 3756 465 3813 nutat,
486 3745 569 3803 livisse
587 3757 689 3818 portem
713 3750 859 3806 dioeceseos
877 3750 969 3807 liene·

173 3833 273 3899 remim
304 3833 350 3890 ubi
378 3834 460 3890 isser
496 3834 546 3889 luit
576 3836 808 3909 arelliepiscopus,
838 3840 885 3910 qui
917 3838 968 3895 luit

175 3926 343 3995 propinquas
362 3925 468 3992 Asseri,
488 3928 533 3997 qni
553 3925 685 3985 loannem
706 3929 847 4002 Eripenom
866 3933 970 3989 audivit

175 4014 327 4070 docentem.
344 4014 427 4082 llrrjns
444 4031 550 4086 alnoque
563 4019 746 4088 provinciolae
761 4022 886 4077 meminit
898 4022 969 4077 liber

174 4101 359 4175 Doontesdcp,
389 4105 414 4158 in
438 4121 490 4174 qino
515 4108 554 4163 sic
568 4108 628 4178 lego
652 4127 659 4163 :
683 4108 742 4164 llos
765 4112 968 4167 consuetudines

173 4203 252 4249 crunt
266 4194 441 4251 Wnllensinrn
467 4196 497 4251 l.
522 4196 554 4252 lt.
585 4199 618 4253 E.
637 4202 665 4255 in
681 4200 863 4273 archenefeld,
886 4203 912 4258 id
926 4209 969 4258 est

175 4284 288 4356 Erpene.
311 4286 391 4340 Notat
405 4303 487 4358 porro
500 4297 555 4344 tam
577 4289 712 4356 Gimldus,
734 4303 789 4347 tum
809 4294 878 4349 liber
895 4293 967 4349 Lon·

173 4370 308 4441 dammis,
337 4374 434 4431 Scotus
457 4375 604 4433 Wallomm
628 4379 695 4436 ines
713 4380 858 4452 aliquando
882 4399 965 4439 occu·

172 4475 268 4534 μισθς
283 4465 354 4522 uude
368 4475 396 4521 et
407 4463 503 4523 loanni
519 4479 611 4525 nostro
627 4470 701 4525 Scoti
715 4487 865 4542 cognomen
879 4475 966 4541 potnit
981 4487 1005 4546 1)

171 4555 329 4611 necessisse.
344 4554 398 4611 Soti
409 4566 439 4611 nt
450 4559 568 4613 reileanr.
586 4558 658 4615 llaec
669 4562 750 4615 etiam
764 4561 826 4616 inde
839 4562 967 4619 videntur

172 4642 349 4709 conllrmari,
372 4647 443 4714 qrrud
465 4645 583 4703 loannes
609 4648 723 4721 Erigena
746 4667 761 4704 a
789 4651 966 4721 scriptoribus

170 4729 275 4787 diserte
288 4733 391 4789 Wuttnr
404 4736 561 4805 appelletur.
581 4738 626 4794 Sic
644 4740 801 4796 llidensinm
821 4744 965 4799 Annalium

171 4823 353 4893 compositor,
368 4824 408 4880 sic
423 4826 526 4883 Russus
540 4829 566 4883 in
581 4830 650 4884 libro
665 4832 697 4885 de
708 4835 820 4904 regibus.
836 4835 891 4891 lmo
907 4838 965 4909 ipso

170 4922 204 4965 oo
224 4907 341 4965 witon
380 4928 432 4968 uon
464 4916 580 4971 obscure
613 4917 703 4972 innuit
734 4921 762 4974 in
786 4924 906 4979 camnine
929 4925 963 4981 ad

172 4996 300 5055 Catulum
319 5000 430 5057 Calvum
434 5042 501 5059 ......
525 5006 632 5061 Aduena
657 5007 774 5064 teutanes
789 5010 893 5080 Spendu
906 5030 963 5069 tneo

173 5087 280 5146 Gorolo.
303 5090 361 5146 Vox
383 5094 456 5149 enim
472 5094 576 5151 Wcllns
597 5103 625 5152 et
647 5099 747 5153 adverto
771 5102 962 5170 aeqttipollont.

171 5176 224 5249 Qui
241 5180 325 5237 vitam
340 5180 489 5239 Grirnbnldi
514 5185 632 5255 scripsit,
649 5189 737 5259 prodit
751 5188 882 5245 loannem
900 5208 962 5248 cnm

171 5268 272 5326 Assem
297 5269 414 5342 legatum
443 5272 471 5328 in
493 5273 647 5331 Flandriam
675 5278 787 5334 missurn
815 5277 899 5336 inisse
926 5283 960 5338 ad

171 5357 349 5426 invitandum,
361 5358 461 5418 ailredi
471 5363 592 5433 nomine,
602 5364 799 5426 Grirnbaldum.
812 5367 870 5426 Non
886 5382 960 5431 caret

206 5549 223 5582 ³*
236 5548 312 5616 Duae
334 5549 473 5624 bucusque
497 5556 530 5610 dc
553 5560 713 5627 cognomine
736 5559 850 5632 Erigere
874 5574 900 5621 ct
925 5567 960 5624 de

170 5613 284 5675 loattuis
313 5619 386 5677 Scoti
407 5624 577 5695 indeptione
600 5628 685 5681 redito
706 5630 887 5701 disputantur,
912 5645 959 5691 ant

172 5687 283 5743 omnino
306 5689 372 5765 lslsa
397 5703 469 5763 sttui,
494 5704 541 5751 aut
564 5701 741 5767 argumentis,
759 5717 829 5771 utrae
850 5708 957 5775 qvtirlcm

1095 3023 1224 3080 Videlicet
1243 3042 1249 3079 :

1128 3112 1168 3167 De
1181 3113 1297 3170 Caelesti
1310 3115 1479 3173 llierarclritt.

1127 3202 1166 3257 De
1179 3202 1370 3260 Ecclesiastico
1384 3205 1552 3263 llierarcbia.

1130 3291 1169 3346 De
1183 3292 1287 3348 Divinis
1302 3294 1470 3353 Numinibus.

1128 3381 1167 3437 De
1181 3381 1294 3454 llystica
1308 3384 1465 3459 theologia.

1091 3471 1119 3525 3.
1135 3470 1434 3532 DcDraedestiaatione
1461 3478 1587 3536 aduentu
1613 3480 1811 3543 orimum

1130 3561 1177 3617 lib.
1198 3562 1217 3616 l.

1089 3651 1116 3705 l.
1135 3652 1279 3708 versiones
1290 3653 1320 3708 S.
1336 3653 1448 3710 llasirni
1458 3658 1491 3712 de
1501 3658 1637 3730 inligatis
1649 3660 1680 3719 S.
1695 3661 1810 3735 Dimo‘i

1126 3753 1150 3797 et
1167 3740 1286 3813 Gregorii
1303 3744 1435 3817 Tbeolugi.

1091 3831 1118 3887 5.
1136 3833 1173 3889 De
1188 3832 1297 3890 visione
1310 3834 1358 3891 Dei
1373 3836 1541 3897 Tractatum.

1091 3922 1118 3979 6.
1133 3923 1172 3979 De
1186 3924 1323 3983 Divisiuuc
1337 3927 1456 3985 Naturae
1470 3930 1518 3988 lib.
1534 3932 1567 3988 t.

1091 4013 1116 4067 7.
1133 4013 1277 4081 Epistulas.

1090 4103 1117 4159 8.
1135 4103 1245 4161 Versus.

1090 4194 1257 4252 Tribunatur
1270 4197 1357 4254 cidem
1375 4210 1402 4257 et
1417 4203 1501 4271 baec,
1520 4220 1590 4276 utrae
1607 4213 1806 4273 subnotantur:

1089 4285 1116 4342 9.
1134 4288 1162 4343 ln
1177 4288 1337 4345 llartianum
1354 4293 1490 4362 Capellam
1505 4296 1708 4361 Commentarii.

1090 4379 1135 4433 lu.
1149 4379 1283 4449 Excerpta
1297 4399 1330 4436 ex
1344 4382 1490 4442 llacmbiu.

1090 4466 1134 4520 ll.
1150 4466 1188 4521 De
1203 4468 1348 4539 Disciplina
1364 4470 1533 4531 scholarium
1546 4477 1616 4534 libcr
1630 4480 1652 4536 l.

1089 4555 1133 4609 lt.
1151 4555 1302 4625 Disputatio
1312 4560 1445 4628 qrtacdam
1461 4580 1522 4619 cum
1535 4565 1683 4629 tlicorloro
1693 4570 1804 4631 studita.

1088 4644 1132 4698 to.
1149 4642 1245 4700 versio
1257 4645 1398 4703 Moralium
1413 4651 1579 4710 Aristotelis.

1087 4733 1132 4789 tl.
1150 4734 1246 4791 tersio
1259 4736 1320 4791 libri
1336 4737 1484 4797 Aristotelia
1503 4744 1536 4799 de
1549 4745 1692 4818 liegitttitre
1704 4750 1805 4810 Prisci-

1120 4841 1191 4894 pum.

1086 4919 1130 4974 15.
1147 4918 1341 4975 commentarii
1364 4923 1392 4976 in
1409 4923 1556 4983 Aristotelis
1574 4926 1819 4995 Praedieustentn'

1084 5007 1128 5062 16.
1144 5009 1275 5078 Dogmata
1291 5009 1527 5085 Philosoplromm.

1084 5100 1127 5155 17.
1145 5100 1285 5158 llotniliae.

1085 5188 1128 5244 18.
1144 5188 1183 5244 De
1195 5190 1262 5245 Fide
1274 5204 1365 5249 contra
1377 5193 1521 5252 Borboros.

1086 5278 1128 5334 19.
1145 5278 1343 5348 l’arapbrsstici
1366 5284 1457 5351 Tomi,
1484 5287 1537 5343 sire
1563 5287 1796 5354 communiit

1120 5369 1277 5439 Dionysiana
1290 5375 1484 5447 Areopagitcrn.

1013 5565 1091 5622 tirma
1123 5568 1196 5634 sint,
1223 5569 1304 5627 nullis
1336 5574 1444 5645 probari
1475 5588 1555 5647 posse
1590 5577 1729 5639 videntur.
1756 5579 1791 5639 dl·

1016 5635 1181 5694 Prooemium
1195 5649 1328 5699 nostrum.

1503 5713 1636 5775 Διιιιιι.
1651 5720 1730 5779 Ειιι.
