3984 6534
301 359 371 424 ιιιι
985 372 1129 444 tontum
1148 381 1249 446 curm
1269 378 1292 445 ιι
1891 368 1946 431 ¹²⁸⁸

304 496 420 566 destitit,
433 493 488 558 illis
498 496 603 558 scilicet
618 498 757 556 tramitem
767 493 925 558 directionis
937 501 1096 569 ostendens,
1111 492 1135 569 Ᾱ
1149 504 1212 560 dum
1242 503 1314 574 quod
1339 518 1392 559 non
1423 497 1563 559 timeatur
1587 488 1681 558 linisse
1705 494 1855 557 collatum?
1873 499 1946 572 leque

280 591 285 656 ζ
304 589 489 663 hospicium
503 606 614 648 manum
629 605 738 664 semper
749 592 909 650 extendens.
1150 595 1222 652 enim
1235 595 1307 651 inter
1317 593 1441 650 l‘hotium
1453 594 1605 649 moechum
1617 601 1647 647 et
1661 590 1820 646 Maximum
1829 591 1946 663 Cynicum,

282 691 285 709 ¹
305 732 309 747 ,
340 682 445 755 ltaque,
459 683 497 741 lili
518 685 680 743 charissime
698 694 727 742 et
741 686 905 744 venerabilis
924 700 1031 758 semper
1044 685 1100 743 Αιι-
1150 687 1285 759 asynodo
1298 686 1415 742 secunda
1429 685 1613 748 damnatum,
1628 682 1674 738 rel
1692 682 1770 736 inter
1788 682 1946 739 ordinationes

304 782 393 847 guste,
409 775 527 843 nonem,
542 777 675 848 quidquid
684 792 749 848 erga
766 779 969 834 sanctissimum
987 776 1100 834 lratrem
1150 777 1230 848 hujus
1243 790 1270 835 et
1286 778 1358 834 illius
1381 777 1573 835 distinctionis
1589 775 1706 846 aliquid
1720 790 1785 830 csse
1806 774 1946 843 conjicimus.

303 875 333 923 et
356 867 545 940 coepiscopum
561 876 686 926 nostrum
704 869 849 942 ignatium,
861 870 905 927 nel
931 872 1005 927 circa
1024 871 1099 928 schi-
1149 869 1238 941 hhquc
1250 869 1312 925 idco
1324 870 1384 940 pari
1400 869 1453 924 lune
1475 868 1642 938 constringi
1661 866 1946 938 debereridentnr,qui

303 958 449 1015 crosticam
466 958 603 1028 rhodam,
616 960 919 1034 divinitnsiuspiratnm
942 972 971 1021 et
986 963 1100 1034 institiae
1150 975 1201 1032 par
1225 961 1351 1017 babuisse
1372 976 1433 1016 cum
1460 975 1495 1016 eo
1513 957 1704 1030 principium
1735 957 1824 1012 modis
1849 959 1947 1016 omnibns

304 1045 365 1104 telo
386 1057 590 1107 succensumte
607 1048 709 1108 litteris
729 1052 841 1109 intimas
860 1052 1008 1126 peregisse,
1021 1053 1101 1108 nobis
1150 1053 1372 1122 comprobantur.
1399 1050 1546 1121 Siquidem
1579 1058 1613 1105 et
1636 1047 1727 1119 juxta
1757 1049 1828 1119 quod
1848 1049 1947 1120 prelatos

303 1138 479 1196 etnuiversae
493 1137 708 1198 Occidentalinm
731 1141 860 1199 Ecclesiae
871 1156 922 1213 per
940 1141 1031 1199 omnia
1043 1141 1103 1210 pla·
1151 1144 1341 1216 magniloquus
1367 1143 1490 1213 pontiler
1519 1141 1677 1197 universis
1708 1154 1764 1211 per
1785 1139 1946 1196 Casanm

303 1228 409 1296 cuissc;
424 1231 574 1300 prasertim
590 1246 652 1288 com
664 1231 701 1288 nil
715 1233 806 1305 egeris
816 1241 916 1306 praeter
929 1234 1000 1304 qnod
1011 1231 1099 1306 [lort.,
1151 1222 1341 1290 ιιιιιιίιιιιιιι
1351 1220 1508 1290 constitutis¹
1518 1231 1676 1303 episcopis
1694 1230 1799 1286 scribit
1812 1229 1887 1301 (epist
1902 1231 1945 1302 lli:

303 1330 406 1392 praetcr
417 1333 450 1376 ea
463 1320 534 1395 quse]
545 1323 693 1395 apostolica
702 1325 782 1381 sedes
790 1341 851 1382 cum
864 1326 948 1383 totius
960 1325 1099 1398 Hesperiae
1151 1323 1263 1382 Difficile
1272 1331 1314 1380 est
1326 1333 1356 1380 ut
1367 1326 1438 1380 bono
1448 1331 1633 1394 peregantur
1643 1322 1744 1388 exitu,
1755 1337 1819 1392 que
1831 1323 1890 1378 malo
1899 1333 1946 1378 srrt

303 1409 466 1483 presulibus
486 1410 646 1481 iamdudum
668 1413 801 1485 agendum
817 1412 945 1487 [agenda]
967 1414 1100 1479 decrevit,
1151 1415 1279 1472 inchoata
1293 1414 1437 1485 principio.
1452 1413 1488 1468 Et
1499 1412 1579 1467 inira
1597 1411 1688 1468 :Non
1700 1427 1773 1483 ergo
1788 1413 1815 1467 in
1827 1412 1945 1483 cnjosqnan

304 1510 343 1570 et,
358 1503 432 1559 nulla
444 1516 520 1560 mora
533 1504 743 1572 interveniente,
757 1506 924 1577 perficiendo
937 1507 1076 1563 mandarit
1092 1520 1100 1561 ι
1150 1520 1267 1580 persona
1280 1505 1546 1576 praetermittendum
1560 1513 1623 1570 est,
1638 1504 1753 1577 inquit,
1770 1505 1841 1573 qnod
1854 1505 1945 1559 insutu·

304 1609 366 1667 quse
385 1594 513 1652 uidelicet
535 1609 598 1653 cum
621 1596 665 1652 bis
686 1597 814 1653 omnibus
826 1605 937 1668 propter
951 1598 978 1654 id
993 1597 1102 1654 colicus
1153 1598 1187 1655 tis
1203 1598 1373 1672 generalibus
1387 1599 1561 1664 continetur,
1579 1612 1638 1653 nee
1664 1596 1814 1666 putandus
1833 1597 1946 1652 estium

304 1693 431 1758 protecto
452 1685 570 1757 imperio
584 1693 631 1743 tuo
645 1695 737 1759 grates
750 1687 914 1745 multilarias
937 1689 1063 1754 reddunt,
1076 1696 1105 1744 et
1152 1688 1197 1744 ille
1218 1689 1366 1760 logitimus,
1380 1688 1426 1758 qui
1440 1688 1536 1743 luerat
1550 1696 1665 1743 contra
1682 1687 1794 1742 divinas
1807 1685 1947 1758 legispraoc

305 1776 465 1835 humillima
475 1777 637 1835 obedieutiae
648 1787 701 1835 ture
712 1780 847 1851 preconia
859 1781 984 1836 laudibus
995 1781 1102 1837 eximiis
1152 1787 1199 1851 pta
1213 1779 1338 1836 collatus.
1353 1781 1387 1836 Et
1403 1788 1480 1836 certe
1497 1779 1701 1836 fidelissimus
1712 1790 1744 1835 ct
1756 1780 1945 1851 prudentishu

305 1865 436 1937 indagare
449 1865 621 1940 [inclamare]
634 1882 689 1924 non
704 1869 839 1925 desinunt
856 1868 941 1926 Porro
957 1868 992 1926 de
1013 1884 1104 1925 sacer·
1117 1865 1141 1928 B
1154 1869 1197 1925 nir
1217 1869 1333 1926 Basilius
1353 1869 1504 1940 imperialis
1518 1871 1703 1940 spatharius
1722 1878 1754 1925 et
1776 1882 1946 1941 precesttstrrt

306 1957 415 2015 dotibus
430 1957 474 2014 vei
495 1958 601 2015 celeris
617 1959 663 2029 qui
686 1970 782 2017 contra
805 1974 900 2033 pacem
919 1960 1047 2018 Ecclesia
1062 1960 1102 2016 la·
1153 1959 1232 2015 nobis
1240 1974 1290 2030 pro
1304 1958 1347 2014 bis
1360 1960 1386 2014 in
1400 1959 1541 2030 perceptis
1553 1960 1723 2015 ordinibus
1743 1960 1894 2030 recipiendis
1903 1958 1947 2012 nal

306 2048 419 2116 cientes,
443 2048 574 2106 unitatem
588 2050 648 2123 ejus
674 2051 800 2110 scindere
819 2062 1061 2126 presumpserant,
1074 2060 1103 2109 ct
1153 2050 1260 2123 tiplices
1273 2050 1379 2117 detulit,
1390 2058 1418 2105 ct
1432 2051 1502 2105 adeo
1515 2060 1668 2106 constans
1685 2060 1719 2105 et
1741 2052 1880 2106 continms
1890 2063 1948 2121 pero

306 2139 335 2199 in
359 2139 472 2198 fratrem
501 2149 530 2198 et
552 2143 744 2214 coepiscopum
775 2153 900 2202 nostrum
925 2145 1103 2201 multilariam
1153 2157 1204 2200 nos
1218 2144 1245 2198 in
1263 2143 1389 2214 precibus
1402 2141 1536 2211 perstitit,
1555 2151 1592 2196 ut
1609 2143 1636 2198 si
1663 2158 1728 2198 non
1755 2143 1872 2212 legitime
1891 2141 1948 2209 recipi

306 2233 480 2291 commisisse
501 2234 667 2304 probantur;
683 2249 765 2306 super
787 2237 887 2308 quibus
902 2238 986 2294 etiam
1007 2238 1103 2294 decre·
1153 2249 1234 2308 posse
1250 2232 1438 2305 quoquomodo
1463 2232 1682 2300 crederentur,
1698 2233 1801 2303 ipsius,
1816 2241 1844 2287 ιιι
1857 2233 1888 2286 ιιι
1898 2233 1948 2285 dice

308 2332 365 2381 tum
380 2327 416 2385 ιι)
436 2327 584 2398 apostolica
604 2330 669 2387 sede
678 2329 823 2387 clementia
841 2337 887 2386 toa
899 2345 976 2388 more
996 2331 1104 2403 prisco·
1154 2342 1226 2394 rous,
1240 2325 1383 2383 insolentia
1403 2324 1480 2391 victi,
1497 2323 1696 2394 recipiendos
1712 2339 1780 2381 esse
1792 2323 1948 2395 prolectose

307 2435 368 2477 rum
390 2422 543 2494 principum
563 2423 684 2494 postulat
708 2441 716 2479 ι
742 2425 813 2481 sciat
834 2423 945 2481 dilectio
969 2433 1015 2480 tua
1039 2424 1103 2495 quia
1153 2427 1301 2475 tueremus.

307 2514 495 2574 scotusaeis>
506 2517 588 2574 nouo
599 2518 746 2590 deliquisse
760 2519 926 2586 ιιιιιιιιιι,
938 2519 975 2575 ιιι
988 2521 1104 2577 uineas
1188 2510 1291 2567 lerum
1311 2517 1338 2564 et
1356 2508 1430 2565 circa
1445 2507 1497 2564 nos
1514 2515 1587 2580 poso
1613 2509 1821 2566 reversionem
1841 2507 1949 2563 neon·

308 2620 357 2663 cos
371 2605 576 2664 delinitionibus
589 2607 688 2679 subjici
713 2624 768 2666 non
790 2610 1014 2668 inconvenienter
1025 2625 1105 2681 opor·
1154 2610 1319 2665 utiliorum,
1331 2609 1445 2671 postque
1458 2610 1734 2671 rerumgestarum
1751 2600 1833 2656 nobis
1845 2597 1949 2669 “illim

307 2703 368 2752 tere
384 2697 586 2768 perpendimus.
608 2698 729 2767 Qnrorum
743 2707 836 2757 umen
857 2698 1027 2757 dlllcrentias
1040 2714 1105 2771 apo·
1154 2691 1331 2758 dillereutias,
1345 2700 1372 2748 et
1385 2691 1529 2762 indagatas
1549 2692 1702 2763 liquidius
1716 2707 1898 2765 pcmonarum
1908 2687 1947 2744 cd

308 2787 412 2845 smlieae
424 2788 497 2846 sedis
510 2789 616 2862 legatis,
632 2805 686 2846 una
700 2806 762 2847 cnm
775 2792 859 2847 lratre
871 2798 900 2847 et
915 2792 1104 2849 comministro
1152 2802 1250 2859 parum
1264 2794 1292 2841 ct
1303 2784 1508 2856 provectionum
1525 2785 1708 2855 qualitates,
1722 2797 1811 2857 atque
1824 2786 1941 2847 ιιιιιιιιιιι,

308 2890 403 2939 nostro
414 2880 518 2954 ignatio
532 2883 766 2951 convenientibus,
780 2884 1008 2957 quemadmodum
1022 2885 1100 2940 uobis
1154 2879 1177 2936 si
1201 2878 1266 2950 quid
1289 2877 1470 2934 miserationis
1492 2877 1754 2949 impartiendum,
1770 2882 1876 2936 docente
1893 2877 1943 2940 lm.

310 2974 428 3046 desuper
435 2975 528 3032 datum
539 2984 592 3044 est,
603 2976 783 3034 moderandas
795 2977 994 3035 commisimus.
1002 2974 1103 3033 Verum
1154 2972 1226 3043 apud
1238 2986 1319 3042 quem
1333 2971 1423 3027 omnia
1438 2970 1586 3041 possibilia
1602 2983 1687 3037 suunt,
1709 2973 1795 3030 nobis
1807 2971 1880 3027 luerit
1896 2983 1943 3023 rac

309 3068 374 3139 quia
395 3067 542 3138 pietastua
557 3083 620 3125 cum
642 3068 831 3127 ecclesiastica
852 3067 1040 3125 misericordia
1055 3082 1105 3125 nos
1155 3077 1244 3124 ratum
1258 3108 1267 3136 ,
1283 3083 1337 3123 non
1360 3067 1463 3123 erimus
1487 3067 1607 3137 penitus
1633 3066 1829 3135 iulieribiles;
1850 3065 1943 3122 nimione
1982 3068 1984 3143 J

309 3157 383 3214 eirca
403 3157 465 3215 illos
486 3159 562 3217 adid
578 3160 650 3231 quod
672 3159 819 3218 humanius
835 3169 878 3217 est
891 3160 1063 3226 exhortatur,
1077 3168 1104 3216 tc
1154 3161 1201 3232 qri
1215 3175 1324 3232 semper
1337 3159 1372 3215 ad
1383 3173 1463 3214 omne
1476 3158 1585 3214 bonurn
1601 3162 1745 3232 cupimus
1760 3163 1871 3217 eristerc
1882 3156 1942 3213 sors·

309 3248 436 3306 nolumus
456 3250 582 3323 ignorare
599 3251 727 3323 quoniam
750 3252 822 3307 ultra
843 3265 925 3322 quam
939 3241 992 3307 dici
1018 3250 1104 3322 possit
1116 3243 1140 3306 G
1154 3251 1233 3309 biles.
1253 3249 1383 3307 Volumus
1392 3264 1467 3321 ergo,
1481 3265 1531 3319 per
1541 3262 1655 3307 vestrae
1671 3254 1793 3324 pietatis
1807 3251 1940 3310 industrior,

309 3337 491 3407 hinotntenr,
506 3354 624 3398 mterore
632 3341 839 3414 comprimimur
854 3342 1041 3412 immensoque
1053 3340 1103 3396 do·
1156 3344 1211 3400 illic
1224 3356 1397 3398 numerosum
1410 3340 1543 3396 celebrari
1558 3343 1737 3411 concilium,
1753 3345 1798 3400 cui
1814 3342 1940 3409 nostrique

310 3428 370 3486 lore
390 3432 614 3503 constringimur,
628 3448 676 3490 eos
698 3433 828 3489 nimirum
843 3447 897 3488 non
911 3431 998 3489 solum
1017 3433 1104 3489 beatae
1156 3436 1296 3507 quemissi
1314 3434 1501 3507 presidentes,
1516 3443 1545 3489 et
1572 3435 1734 3506 culparum
1748 3444 1938 3508 personarunqoe

310 3525 450 3581 memoris
474 3526 625 3583 decessoris
648 3526 701 3582 mei
725 3541 802 3598 papae
824 3525 939 3594 Nicolai,
954 3528 1054 3599 quibus
1077 3535 1105 3584 et
1156 3525 1321 3584 differentias
1333 3525 1434 3595 liquido
1442 3535 1662 3596 cognoscentes,
1675 3528 1762 3599 juxta
1777 3528 1846 3599 quod
1858 3529 1938 3581 inum

311 3613 369 3685 ipsc
382 3616 543 3687 subscripsi,
554 3616 635 3688 justis
649 3617 836 3672 sanctionibus
856 3618 1022 3672 creberrime
1045 3634 1105 3688 pcr·
1156 3617 1227 3673 datis
1237 3626 1408 3688 acceperunt,
1417 3618 1694 3689 singulorumlibere
1705 3621 1880 3677 discretiones
1886 3630 1938 3671 orer·

311 3709 482 3776 cellentibus,
497 3725 590 3766 rerum
605 3709 687 3765 eham
703 3717 861 3766 sauctorum
875 3708 988 3764 Patrum
1004 3709 1104 3780 regulis
1156 3717 1237 3765 ceant
1251 3726 1258 3762 :
1272 3709 1300 3763 in
1314 3709 1501 3778 quovidelicet
1511 3723 1595 3765 sacro
1611 3721 1693 3767 coetu
1709 3714 1875 3770 exsecrando
1885 3708 1937 3763 crui

311 3801 495 3868 severissime,
510 3816 558 3858 seu
573 3803 773 3873 quodammodo
793 3802 975 3873 peremptorie
994 3803 1105 3873 punien·
1157 3809 1228 3856 tates
1239 3801 1358 3866 concilii,
1371 3802 1445 3871 quod
1459 3801 1594 3858 adversus
1618 3805 1701 3861 sedis
1718 3805 1803 3877 hujus
1818 3816 1894 3861 actum
1909 3809 1936 3857 cst

312 3893 394 3950 tibus.
411 3891 606 3951 Verumtamen
619 3901 730 3967 propter
749 3905 844 3965 pacem
855 3892 985 3950 Ecclesiae
998 3893 1105 3951 facilius
1156 3907 1268 3962 prorsus
1292 3892 1434 3963 injuriam,
1455 3901 1551 3948 cuncta
1576 3895 1767 3954 decernimus
1790 3895 1936 3968 exemplaria.

312 3985 502 4050 obtinendam,
527 3993 691 4058 propterque
712 3994 816 4041 tantam
841 3985 1057 4053 multitudinem,
1081 3986 1104 4043 si
1156 3998 1299 4055 prorsusa
1316 3985 1520 4055 possessoribus
1534 3984 1594 4039 suis
1615 3987 1739 4055 ablata,
1754 3992 1782 4045 in
1800 3989 1937 4055 mednnqr

312 4085 404 4132 mmcu
434 4077 614 4148 resipuerint,
636 4078 848 4135 misericorditer
871 4079 1053 4147 liberandam,
1075 4088 1105 4135 ut
1157 4076 1257 4142 delata,
1271 4075 1516 4146 contemplantibus
1535 4077 1661 4144 cunctis,
1687 4080 1747 4151 igni
1773 4080 1937 4144 cremamus

313 4183 375 4225 cum
393 4177 489 4226 sancto
500 4169 609 4227 Gelasio
622 4185 691 4243 papa
705 4172 829 4227 dicamus
841 4172 927 4243 (epist.
940 4172 968 4243 6)
987 4172 1106 4230 :Ncees-
1157 4186 1299 4242 superesse
1323 4171 1394 4242 apud
1417 4169 1565 4240 quemlihet
1587 4187 1624 4227 ex
1653 4174 1702 4230 his
1730 4175 1854 4230 omnibns
1868 4171 1938 4227 saluca

312 4263 385 4321 saria
398 4280 490 4323 rerum
503 4266 704 4338 dispensatione
715 4267 942 4339 constringimur,
956 4276 983 4323 et
996 4276 1105 4339 aposto-
1156 4282 1241 4323 unum
1262 4266 1328 4334 iota,
1342 4267 1384 4323 rel
1399 4282 1481 4321 unum
1495 4267 1616 4336 apicem,
1632 4270 1691 4326 nisi
1717 4270 1792 4329 sorte
1810 4272 1866 4342 quis
1880 4267 1940 4321 totius

311 4357 372 4416 lica
397 4359 471 4416 sedis
493 4360 679 4417 moderamine
697 4361 890 4427 convenimur,
906 4361 946 4416 sic
969 4377 1103 4418 canonum
1158 4358 1317 4423 clericatus,
1332 4358 1387 4414 imo
1413 4358 1494 4414 totius
1510 4360 1634 4415 nominis
1649 4362 1809 4420 Christiani
1827 4362 1938 4433 dignitus

313 4461 489 4522 paternorum
502 4453 611 4509 decreta
625 4453 737 4520 librare,
751 4461 779 4510 et
793 4463 869 4510 retro
879 4453 1024 4523 praesnlmn
1037 4469 1106 4525 pre·
1158 4452 1331 4508 anathemate
1342 4450 1599 4522 perculsus,carere
1612 4453 1752 4511 noluerit.
1765 4456 1823 4511 Non
1834 4455 1896 4509 enim
1906 4462 1940 4504 ιιι

314 4543 541 4615 decessorumque
555 4552 710 4603 nostrorum
734 4554 869 4617 praecepta
885 4546 987 4613 metiri,
1003 4555 1032 4601 ut
1045 4560 1105 4618 quar
1159 4551 1214 4598 tam
1238 4542 1425 4597 detestandum
1452 4540 1619 4611 collegium,
1643 4545 1703 4600 nisi
1728 4543 1888 4601 ariminensi
1906 4538 1940 4594 sni

313 4635 487 4707 praesentium
496 4636 647 4692 necessitas
660 4645 812 4708 temporum
824 4636 1009 4692 restaurandis
1020 4636 1107 4692 cccle-
1120 4612 1145 4673 Ῐ)
1158 4634 1319 4691 Constamm
1333 4673 1340 4700 ,
1364 4632 1406 4687 nel
1431 4631 1567 4701 Ephesino
1594 4647 1610 4685 a
1635 4633 1779 4692 Dioscoro
1808 4638 1938 4704 congregata

313 4726 363 4784 siis
378 4726 523 4786 relaxanda
546 4729 676 4800 deposcit,
694 4727 1044 4785 adbibitaconsldcratione
1066 4729 1107 4783 di·
1158 4725 1301 4783 latrocinio
1325 4722 1536 4793 comparandum
1563 4721 1762 4782 decernimus.
1800 4722 1939 4779 dcceudatr

313 4817 420 4889 ligenti,
433 4827 564 4889 quantum
582 4829 671 4891 potest
686 4820 756 4887 lieri,
772 4829 971 4892 temperemus;
987 4819 1058 4890 quod
1079 4828 1108 4876 et
1158 4817 1230 4874 circa
1253 4823 1437 4888 protectorum
1462 4821 1568 4868 tuorum
1592 4817 1803 4880 reuerentiam,
1826 4816 1939 4869 beatum

314 4925 365 4967 nos
376 4924 453 4980 aeqna
466 4925 610 4981 possumus
621 4927 673 4982 pro
686 4912 823 4967 lucrandis
847 4912 978 4968 iratribus
1000 4912 1106 4970 ratione
1156 4907 1284 4964 videlicet
1307 4904 1488 4976 apostolorum
1511 4902 1751 4974 principum,in
1775 4903 1938 4962 dilecnssinc.

314 5000 453 5076 prosequi,
469 5009 499 5055 et
511 5008 662 5071 temporum
677 5002 832 5059 necessitati
855 5001 1020 5057 consulendo
1032 5003 1108 5072 peni·
1158 5009 1211 5056 tuac
1223 4998 1297 5056 zelus
1311 4996 1431 5068 pietatis,
1446 5002 1474 5050 et
1488 5001 1629 5049 tantorum
1643 4994 1713 5051 licta
1729 5006 1878 5052 commenta
1890 5003 1940 5063 pre

315 5102 360 5151 tus
376 5091 497 5159 imitari;
512 5091 600 5148 Photii
615 5093 747 5148 domarat
767 5092 964 5147 ordinationem
979 5092 1014 5147 ab
1028 5092 1108 5163 liujus
1158 5093 1299 5163 stigiorum
1314 5103 1456 5145 remanere
1478 5085 1551 5142 nullo
1573 5088 1660 5143 muodo
1675 5103 1768 5159 penes
1788 5090 1895 5158 aliquem
1906 5097 1940 5154 pn

315 5184 501 5244 moderamine
524 5182 633 5256 pictatis
660 5182 769 5239 interim
793 5196 903 5254 prorsus
926 5182 1105 5252 excipientes,
1159 5184 1242 5239 tiatur
1256 5200 1263 5236 :
1277 5181 1324 5238 scd
1347 5180 1414 5236 etsi
1432 5179 1574 5250 quisquam
1592 5179 1655 5235 baec
1680 5181 1841 5243 delendcrc,
1855 5178 1892 5234 rcl
1907 5189 1940 5229 ot·

316 5293 434 5352 eamque
448 5276 536 5352 [sort.,
554 5274 681 5349 eumque]
705 5275 806 5346 passim
818 5281 846 5330 et
870 5283 968 5345 praeter
991 5288 1106 5330 eramen
1157 5273 1273 5340 cultore,
1288 5271 1393 5343 sibique
1408 5271 1436 5326 in
1456 5276 1596 5341 posterum
1609 5267 1738 5330 tortasse
1754 5285 1888 5330 reservare
1896 5277 1939 5322 ter·

315 5372 470 5428 nullatenus
482 5368 663 5427 admittentes.
676 5367 748 5424 hicio
764 5368 836 5423 enim
847 5366 961 5422 altisona
977 5365 1106 5422 Ecclesiae
1158 5365 1276 5430 tanerit,
1301 5373 1347 5418 tua
1371 5362 1488 5433 publicis
1508 5360 1615 5431 legibus
1638 5365 1802 5438 promulget
1824 5359 1940 5431 multiplex

315 5467 392 5531 tuba,
406 5473 517 5523 sanctus
541 5461 668 5519 videlicet
682 5462 755 5518 sedis
776 5460 932 5531 apostolicae
954 5476 1020 5531 papa
1038 5459 1105 5526 Leo,
1157 5454 1386 5528 sapientia,quid
1409 5452 1562 5524 hujusmodi
1586 5469 1713 5524 persona
1741 5467 1804 5528 post
1825 5448 1941 5524 inperiale

316 5555 395 5626 cujus
418 5554 581 5611 sententiam
599 5553 729 5624 quidquid
750 5552 849 5622 ubique
864 5551 1027 5607 catholicum
1053 5558 1106 5617 cst,
1158 5548 1254 5604 debeat
1265 5547 1382 5602 edictum
1394 5545 1593 5616 redargutionis
1606 5546 1767 5614 incurrere,
1780 5549 1820 5604 vel
1830 5551 1939 5618 quantun

316 5649 391 5705 velut
405 5648 517 5704 celeste
530 5648 654 5713 miratur,
669 5646 799 5711 celebrat,
812 5653 840 5701 et
853 5653 997 5700 veneratur
1009 5659 1105 5699 orncn-
1157 5642 1310 5703 conueniat,
1322 5639 1345 5694 si
1368 5655 1421 5694 non
1436 5638 1633 5706 correctionis,
1655 5640 1758 5697 saltem
1786 5634 1938 5710 corruptimb

316 5741 372 5796 lum
389 5757 396 5794 ι
411 5740 478 5795 Cum
502 5755 573 5811 supe
596 5739 709 5810 quaestio
729 5739 764 5794 de
778 5738 848 5794 male
870 5745 981 5807 accepto
1004 5736 1107 5793 bonore
1156 5730 1293 5796 incidere3
1306 5737 1496 5800 quatenusper·
1508 5727 1568 5792 ¹¹⁰⁰,
1580 5731 1699 5798 parade
1711 5728 1939 5788 caterooonscier

317 5841 455 5896 nascatur,
466 5833 529 5899 quis
539 5831 657 5896 ambigat
668 5846 838 5897 nonnunquam
848 5829 908 5888 istis
917 5843 980 5887 esse
989 5827 1107 5886 tribueu·
1156 5821 1205 5890 lit,
1217 5835 1280 5879 eum
1300 5818 1444 5877 Psalmista
1466 5817 1604 5875 nemciter
1626 5835 1734 5880 canere
1754 5811 1940 5880 valeaszbiitt‘

1138 5936 1185 5951 Ἴ...
1198 5935 1272 5952 -.ν-μη
